,counterparty_label,counterparty_name,counterparty_type,max_block_time,min_block_time,op_claimed,op_deployed,op_from_other_projects,op_to_other_projects,op_to_project,project_name,last_updated
0,Deployed,1inch,Distributor,2022-09-05 11:36:07.000 UTC,2022-09-05 11:36:07.000 UTC,0.0,300000.0,0.0,0.0,0.0,1inch,2023-04-14 00:25:57.898425+00:00
1,Other,Other,Other,2023-04-12 05:33:25.000 UTC,2022-09-06 08:46:57.000 UTC,27366.472765732447,0.0,0.0,0.0,0.0,1inch,2023-04-14 00:25:57.898425+00:00
2,OP Foundation,OP Foundation Wallet,OP Foundation Grants,2022-08-15 07:58:07.000 UTC,2022-08-15 07:58:07.000 UTC,0.0,0.0,0.0,0.0,300000.0,1inch,2023-04-14 00:25:57.898425+00:00
3,Other,Other,Aave - Liquidity Mining,2023-04-13 11:27:31.000 UTC,2022-08-04 16:35:22.000 UTC,4823318.134958762,4823318.134958762,0.0,0.0,0.0,Aave,2023-04-14 00:25:57.898425+00:00
4,Project,Other,Aave - Liquidity Mining,2023-02-28 09:32:30.000 UTC,2022-10-05 17:52:24.000 UTC,0.0,604.6917578271443,0.0,604.6917578271443,0.0,Aave,2023-04-14 00:25:57.898425+00:00
5,OP Foundation,OP Foundation Wallet,OP Foundation Grants,2022-08-03 16:35:55.000 UTC,2022-08-03 16:35:55.000 UTC,0.0,0.0,0.0,0.0,300000.0,Aave,2023-04-14 00:25:57.898425+00:00
6,Other,Other,Other,2022-09-18 02:45:15.000 UTC,2022-07-10 01:39:08.000 UTC,732067.786666667,732067.786666667,0.0,0.0,0.0,Aelin,2023-04-14 00:25:57.898425+00:00
7,Other,Aelin user,Other,2022-09-18 02:45:15.000 UTC,2022-09-18 02:45:15.000 UTC,148106.21333333335,148106.21333333335,0.0,0.0,0.0,Aelin,2023-04-14 00:25:57.898425+00:00
8,Project,Velodrome,"Season 2,Intermediate",2022-08-17 03:55:38.000 UTC,2022-07-19 11:52:43.000 UTC,0.0,19827.0,0.0,19827.0,0.0,Aelin,2023-04-14 00:25:57.898425+00:00
9,OP Foundation,OP Foundation Wallet,OP Foundation Grants,2022-07-14 03:34:07.000 UTC,2022-07-14 03:34:07.000 UTC,0.0,0.0,0.0,0.0,900000.0,Aelin,2023-04-14 00:25:57.898425+00:00
10,Other,Other,Other,2023-04-13 23:08:53.000 UTC,2022-05-31 14:39:05.000 UTC,164163555.5981067,164163555.5981067,0.0,0.0,0.0,Airdrop #1 Distributor,2023-04-14 00:25:57.898425+00:00
11,Other,xToken LP,Other,2022-05-31 17:43:15.000 UTC,2022-05-31 17:43:15.000 UTC,7477.66485246904,7477.66485246904,0.0,0.0,0.0,Airdrop #1 Distributor,2023-04-14 00:25:57.898425+00:00
12,Other,Aelin user,Other,2022-08-16 18:33:24.000 UTC,2022-08-16 18:33:24.000 UTC,7331.1651194665,7331.1651194665,0.0,0.0,0.0,Airdrop #1 Distributor,2023-04-14 00:25:57.898425+00:00
13,Deployed,Thales,Distributor,2022-06-08 21:38:03.000 UTC,2022-06-01 11:40:13.000 UTC,0.0,6905.851248523099,0.0,0.0,0.0,Airdrop #1 Distributor,2023-04-14 00:25:57.898425+00:00
14,Other,Lyra Unknown,Other,2022-05-31 23:24:22.000 UTC,2022-05-31 23:24:22.000 UTC,2469.3580921499392,2469.3580921499392,0.0,0.0,0.0,Airdrop #1 Distributor,2023-04-14 00:25:57.898425+00:00
15,Other,Other,Other,2023-04-13 00:15:47.000 UTC,2023-01-20 12:49:04.000 UTC,33032.66927019824,31472.514234036178,0.0,0.0,0.0,Alchemix,2023-04-14 00:25:57.898425+00:00
16,Deployed,Alchemix,alETH/WETH: Velodrome,2023-04-07 14:59:11.000 UTC,2023-01-08 01:17:36.000 UTC,0.0,19500.0,0.0,0.0,0.0,Alchemix,2023-04-14 00:25:57.898425+00:00
17,Project,Velodrome,Intermediate Disperser,2023-04-13 19:53:19.000 UTC,2022-08-18 14:53:05.000 UTC,0.0,0.0,30442.2606118,0.0,0.0,Alchemix,2023-04-14 00:25:57.898425+00:00
18,OP Foundation,OP Foundation Wallet,OP Foundation Grants,2023-01-08 01:17:36.000 UTC,2023-01-08 01:17:36.000 UTC,0.0,0.0,0.0,0.0,250000.0,Alchemix,2023-04-14 00:25:57.898425+00:00
19,Project,Alchemix,Season 2,2023-04-07 14:59:11.000 UTC,2023-01-13 05:11:28.000 UTC,0.0,-21940.657193240742,0.0,0.0,0.0,Alchemix,2023-04-14 00:25:57.898425+00:00
20,Other,Other,Other,2023-04-09 04:23:00.000 UTC,2022-08-22 06:24:37.000 UTC,42278.60444121029,39009.999328000005,0.0,0.0,0.0,Angle,2023-04-14 00:25:57.898425+00:00
21,Deployed,Angle,OP/agEUR: Velodrome,2023-03-06 11:10:16.000 UTC,2023-02-20 12:07:35.000 UTC,0.0,3400.0,0.0,0.0,0.0,Angle,2023-04-14 00:25:57.898425+00:00
22,Other,1inch Swap,Other,2023-02-10 10:37:21.000 UTC,2023-02-10 10:37:21.000 UTC,500.0,500.0,0.0,0.0,0.0,Angle,2023-04-14 00:25:57.898425+00:00
23,Project,Velodrome,Intermediate Disperser,2022-09-29 16:29:25.000 UTC,2022-07-28 19:09:57.000 UTC,0.0,0.0,17686.115516500002,0.0,0.0,Angle,2023-04-14 00:25:57.898425+00:00
24,OP Foundation,OP Foundation Wallet,OP Foundation Grants,2023-02-09 19:02:41.000 UTC,2022-11-28 08:45:44.000 UTC,0.0,0.0,0.0,0.0,250975.89612553475,Angle,2023-04-14 00:25:57.898425+00:00
25,Project,Angle,Intermediate,2023-03-14 13:55:15.000 UTC,2023-02-28 10:14:07.000 UTC,0.0,-1133.4831332244817,0.0,0.0,0.0,Angle,2023-04-14 00:25:57.898425+00:00
26,Other,Other,Other,2023-04-13 21:39:12.000 UTC,2022-10-25 13:01:54.000 UTC,88845.97578222524,29863.406666666666,0.0,0.0,0.0,Arrakis Finance,2023-04-14 00:25:57.898425+00:00
27,Deployed,Arrakis Finance,Partner Fund,2023-02-03 20:24:52.000 UTC,2022-10-26 10:30:04.000 UTC,0.0,11806.653333333332,0.0,0.0,0.0,Arrakis Finance,2023-04-14 00:25:57.898425+00:00
28,Project,Uniswap,Phase 0,2023-01-17 22:03:40.000 UTC,2022-10-26 13:08:02.000 UTC,0.0,0.0,41666.659999999996,0.0,0.0,Arrakis Finance,2023-04-14 00:25:57.898425+00:00
29,Other,Other,Other,2022-11-08 15:58:52.000 UTC,2022-10-20 17:08:57.000 UTC,33000.0,33000.0,0.0,0.0,0.0,Bankless Academy,2023-04-14 00:25:57.898425+00:00
30,OP Foundation,OP Foundation Wallet,OP Foundation Grants,2022-10-20 10:16:39.000 UTC,2022-10-20 10:16:39.000 UTC,0.0,0.0,0.0,0.0,33000.0,Bankless Academy,2023-04-14 00:25:57.898425+00:00
31,Other,Other,Other,2023-04-13 21:11:47.000 UTC,2022-09-13 16:38:10.000 UTC,343897.7409628524,131616.0,0.0,0.0,0.0,Beefy Finance,2023-04-14 00:25:57.898425+00:00
32,Deployed,Beefy Finance,BIFI/WETH: Velodrome,2023-04-10 20:05:22.000 UTC,2022-10-07 08:45:18.000 UTC,0.0,78875.0,0.0,0.0,0.0,Beefy Finance,2023-04-14 00:25:57.898425+00:00
33,Deployed,Beefy Finance,Beefy Launchpool,2022-12-19 12:31:28.000 UTC,2022-10-25 17:14:55.000 UTC,0.0,44999.0,0.0,0.0,0.0,Beefy Finance,2023-04-14 00:25:57.898425+00:00
34,Deployed,Beefy Finance,BIFI/OP: Velodrome,2023-04-10 20:04:37.000 UTC,2022-09-13 16:46:50.000 UTC,0.0,43000.0,0.0,0.0,0.0,Beefy Finance,2023-04-14 00:25:57.898425+00:00
35,Other,1inch Swap,Other,2023-03-27 20:38:41.000 UTC,2023-01-30 22:42:23.000 UTC,13465.0,13465.0,0.0,0.0,0.0,Beefy Finance,2023-04-14 00:25:57.898425+00:00
36,Other,xToken LP ,Other,2023-03-02 17:58:25.000 UTC,2023-03-02 17:58:25.000 UTC,6.672569447080187,6.672569447080187,0.0,0.0,0.0,Beefy Finance,2023-04-14 00:25:57.898425+00:00
37,Project,Lido,Intermediate Wallet,2023-04-07 09:44:41.000 UTC,2023-04-07 09:44:41.000 UTC,0.0,0.0,4000.0,0.0,0.0,Beefy Finance,2023-04-14 00:25:57.898425+00:00
38,Project,Stargate Finance,Phase 0,2023-03-15 17:32:54.000 UTC,2023-03-15 17:32:54.000 UTC,0.0,0.0,75000.0,0.0,0.0,Beefy Finance,2023-04-14 00:25:57.898425+00:00
39,OP Foundation,OP Foundation Wallet,OP Foundation Grants,2023-02-09 19:32:57.000 UTC,2022-09-12 21:18:28.000 UTC,0.0,0.0,0.0,0.0,650006.6725694471,Beefy Finance,2023-04-14 00:25:57.898425+00:00
40,Deployed,Beethoven X,Pool,2023-01-05 21:54:07.000 UTC,2022-09-29 17:01:37.000 UTC,0.0,119647.51000000001,0.0,0.0,0.0,Beethoven X,2023-04-14 00:25:57.898425+00:00
41,Other,Other,Other,2023-04-07 21:24:30.000 UTC,2022-08-19 22:07:10.000 UTC,203581.3799999999,56729.130000000005,0.0,0.0,0.0,Beethoven X,2023-04-14 00:25:57.898425+00:00
42,Deployed,Beethoven X,Distributor,2023-01-05 21:54:07.000 UTC,2022-11-24 17:30:49.000 UTC,0.0,27204.739999999998,0.0,0.0,0.0,Beethoven X,2023-04-14 00:25:57.898425+00:00
43,Deployed,Overnight,BPT-USD+: Beethoven X,2023-03-17 15:16:32.000 UTC,2022-12-22 19:59:52.000 UTC,0.0,20418.579999999998,0.0,0.0,0.0,Beethoven X,2023-04-14 00:25:57.898425+00:00
44,Deployed,Rocket Pool,WETH/rETH: Beethoven X,2023-01-12 21:51:10.000 UTC,2022-12-22 19:59:52.000 UTC,0.0,2272.63,0.0,0.0,0.0,Beethoven X,2023-04-14 00:25:57.898425+00:00
45,Project,Overnight,Season 2,2023-03-03 13:38:51.000 UTC,2023-03-03 13:38:51.000 UTC,0.0,1300.0,0.0,1300.0,0.0,Beethoven X,2023-04-14 00:25:57.898425+00:00
46,Project,QiDao,Season 1,2023-01-12 21:51:10.000 UTC,2023-01-12 21:51:10.000 UTC,0.0,900.0,0.0,900.0,0.0,Beethoven X,2023-04-14 00:25:57.898425+00:00
47,Project,Overnight,Season 2,2023-04-06 15:20:56.000 UTC,2023-01-17 08:52:43.000 UTC,0.0,0.0,23500.000000000033,0.0,0.0,Beethoven X,2023-04-14 00:25:57.898425+00:00
48,Project,QiDao,Season 1,2022-12-21 22:26:14.000 UTC,2022-09-29 17:54:56.000 UTC,0.0,0.0,29092.0,0.0,0.0,Beethoven X,2023-04-14 00:25:57.898425+00:00
49,OP Foundation,OP Foundation Wallet,OP Foundation Grants,2022-08-09 13:31:33.000 UTC,2022-08-09 13:31:33.000 UTC,0.0,0.0,0.0,0.0,500000.0,Beethoven X,2023-04-14 00:25:57.898425+00:00
50,Project,Lido,Intermediate Wallet,2023-04-07 09:44:41.000 UTC,2023-04-07 09:44:41.000 UTC,0.0,0.0,6000.0,0.0,0.0,Beethoven X,2023-04-14 00:25:57.898425+00:00
51,OP Foundation,OP Foundation Wallet,OP Foundation Grants,2022-09-02 08:44:30.000 UTC,2022-09-02 08:44:30.000 UTC,0.0,0.0,0.0,0.0,750000.0,Biconomy,2023-04-14 00:25:57.898425+00:00
52,Other,Other,Other,2022-11-11 13:50:17.000 UTC,2022-11-01 16:14:31.000 UTC,92000.0,92000.0,0.0,0.0,0.0,Boardroom,2023-04-14 00:25:57.898425+00:00
53,OP Foundation,OP Foundation Wallet,OP Foundation Grants,2022-08-26 17:27:27.000 UTC,2022-08-26 17:27:27.000 UTC,0.0,0.0,0.0,0.0,99999.99999999999,Boardroom,2023-04-14 00:25:57.898425+00:00
54,Other,Other,Other,2023-03-16 19:00:30.000 UTC,2022-08-16 10:17:15.000 UTC,47048.6,47048.6,0.0,0.0,0.0,Candide Wallet,2023-04-14 00:25:57.898425+00:00
55,OP Foundation,OP Foundation Wallet,OP Foundation Grants,2022-08-09 12:31:03.000 UTC,2022-08-09 12:28:28.000 UTC,0.0,0.0,0.0,0.0,190000.0,Candide Wallet,2023-04-14 00:25:57.898425+00:00
56,Deployed,Celer,"Liquidity Mining Distributor,Distributor",2023-03-23 12:49:18.000 UTC,2022-08-11 13:37:11.000 UTC,0.0,190001.0,0.0,0.0,0.0,Celer,2023-04-14 00:25:57.898425+00:00
57,Deployed,Celer,Incentive Events Reward,2023-03-27 11:36:40.000 UTC,2022-11-15 02:36:57.000 UTC,0.0,20000.0,0.0,0.0,0.0,Celer,2023-04-14 00:25:57.898425+00:00
58,Other,Other,Other,2023-04-13 21:11:47.000 UTC,2022-08-13 02:54:01.000 UTC,177419.01300800082,0.0,0.0,0.0,0.0,Celer,2023-04-14 00:25:57.898425+00:00
59,OP Foundation,OP Foundation Wallet,OP Foundation Grants,2022-08-04 06:56:59.000 UTC,2022-08-04 06:56:59.000 UTC,0.0,0.0,0.0,0.0,1000000.0,Celer,2023-04-14 00:25:57.898425+00:00
60,OP Foundation,OP Foundation Wallet,OP Foundation Grants,2022-08-03 16:35:25.000 UTC,2022-08-03 16:35:25.000 UTC,0.0,0.0,0.0,0.0,1000000.0,Chainlink,2023-04-14 00:25:57.898425+00:00
61,Deployed,Clipper,Distributor,2023-01-21 10:24:24.000 UTC,2023-01-21 10:24:24.000 UTC,0.0,148585.0,0.0,0.0,0.0,Clipper,2023-04-14 00:25:57.898425+00:00
62,Other,Other,Other,2023-04-13 21:56:14.000 UTC,2022-07-07 22:12:38.000 UTC,155389.0,29349.0,0.0,0.0,0.0,Clipper,2023-04-14 00:25:57.898425+00:00
63,Other,xToken LP,Other,2023-01-25 14:11:08.000 UTC,2023-01-25 14:11:08.000 UTC,5.0,0.0,0.0,0.0,0.0,Clipper,2023-04-14 00:25:57.898425+00:00
64,OP Foundation,OP Foundation Wallet,OP Foundation Grants,2022-07-08 21:22:57.000 UTC,2022-07-08 21:22:57.000 UTC,0.0,0.0,0.0,0.0,300000.0,Clipper,2023-04-14 00:25:57.898425+00:00
65,Other,Other,Other,2023-04-10 21:23:15.000 UTC,2023-04-10 20:47:12.000 UTC,75.0,75.0,0.0,0.0,0.0,Crypto LDFM,2023-04-14 00:25:57.898425+00:00
66,OP Foundation,OP Foundation Wallet,OP Foundation Grants,2023-04-06 22:05:05.000 UTC,2023-04-06 22:05:05.000 UTC,0.0,0.0,0.0,0.0,4000.0,Crypto LDFM,2023-04-14 00:25:57.898425+00:00
67,Other,Other,Other,2022-12-19 09:43:27.000 UTC,2022-12-19 09:43:27.000 UTC,4987.0,4987.0,0.0,0.0,0.0,CryptoTesters,2023-04-14 00:25:57.898425+00:00
68,OP Foundation,OP Foundation Wallet,OP Foundation Grants,2022-12-15 22:36:40.000 UTC,2022-12-15 22:36:40.000 UTC,0.0,0.0,0.0,0.0,4652.0,CryptoTesters,2023-04-14 00:25:57.898425+00:00
69,Other,Other,Other,2023-01-31 16:08:07.000 UTC,2023-01-19 11:42:35.000 UTC,25973.84285171413,25973.84285171413,0.0,0.0,0.0,DefiEdge,2023-04-14 00:25:57.898425+00:00
70,Other,1inch Swap,Other,2023-02-24 07:30:27.000 UTC,2023-02-24 07:14:57.000 UTC,387.58787711973537,387.58787711973537,0.0,0.0,0.0,DefiEdge,2023-04-14 00:25:57.898425+00:00
71,OP Foundation,OP Foundation Wallet,OP Foundation Grants,2023-02-09 19:43:24.000 UTC,2023-02-09 19:43:24.000 UTC,0.0,0.0,0.0,0.0,4.1843535627035795,DefiEdge,2023-04-14 00:25:57.898425+00:00
72,Project,Uniswap,Phase 0,2023-01-18 14:26:24.000 UTC,2023-01-18 05:00:01.000 UTC,0.0,0.0,25000.0,0.0,0.0,DefiEdge,2023-04-14 00:25:57.898425+00:00
73,Other,Other,Other,2023-03-18 01:15:51.000 UTC,2023-01-01 18:22:59.000 UTC,93676.0,93676.0,0.0,0.0,0.0,DefiLlama,2023-04-14 00:25:57.898425+00:00
74,OP Foundation,OP Foundation Wallet,OP Foundation Grants,2022-12-26 20:23:15.000 UTC,2022-12-26 20:23:15.000 UTC,0.0,0.0,0.0,0.0,300000.0,DefiLlama,2023-04-14 00:25:57.898425+00:00
75,Other,Other,Other,2023-04-08 18:15:13.000 UTC,2023-02-16 06:14:45.000 UTC,25943.8,25943.8,0.0,0.0,0.0,Dope Wars,2023-04-14 00:25:57.898425+00:00
76,OP Foundation,OP Foundation Wallet,OP Foundation Grants,2022-11-17 08:16:13.000 UTC,2022-11-17 08:16:13.000 UTC,0.0,0.0,0.0,0.0,300000.0,Dope Wars,2023-04-14 00:25:57.898425+00:00
77,Other,Other,Other,2023-04-08 15:51:30.000 UTC,2023-01-01 21:20:05.000 UTC,36320.0,36320.0,0.0,0.0,0.0,EthernautDAO,2023-04-14 00:25:57.898425+00:00
78,OP Foundation,OP Foundation Wallet,OP Foundation Grants,2022-11-29 14:03:58.000 UTC,2022-11-29 14:03:58.000 UTC,0.0,0.0,0.0,0.0,120000.0,EthernautDAO,2023-04-14 00:25:57.898425+00:00
79,Deployed,Exactly,Distributor Multisig,2023-04-03 12:14:35.000 UTC,2023-04-03 12:14:35.000 UTC,0.0,49999.99999999999,0.0,0.0,0.0,Exactly,2023-04-14 00:25:57.898425+00:00
80,Other,Aelin user,Other,2023-04-12 21:39:09.000 UTC,2023-04-12 21:39:09.000 UTC,25.604753687998336,0.0,0.0,0.0,0.0,Exactly,2023-04-14 00:25:57.898425+00:00
81,OP Foundation,OP Foundation Wallet,OP Foundation Grants,2023-03-10 04:26:29.000 UTC,2023-03-10 04:26:29.000 UTC,0.0,0.0,0.0,0.0,99999.99999999999,Exactly,2023-04-14 00:25:57.898425+00:00
82,Other,Other,Other,2023-04-13 23:18:41.000 UTC,2023-04-03 14:26:20.000 UTC,22648.85124751269,0.0,0.0,0.0,0.0,Exactly,2023-04-14 00:25:57.898425+00:00
83,Other,Other,Other,2023-04-13 19:27:54.000 UTC,2023-03-14 22:10:38.000 UTC,49383.47742445557,0.0,0.0,0.0,0.0,Gamma,2023-04-14 00:25:57.898425+00:00
84,Other,xToken LP,Other,2023-04-11 01:38:38.000 UTC,2023-03-22 19:22:13.000 UTC,177.4099662822303,0.0,0.0,0.0,0.0,Gamma,2023-04-14 00:25:57.898425+00:00
85,Other,xToken LP ,Other,2022-12-07 12:23:13.000 UTC,2022-12-07 12:23:13.000 UTC,48036.998581835775,48036.998581835775,0.0,0.0,0.0,Gelato,2023-04-14 00:25:57.898425+00:00
86,Other,Other,Other,2023-01-17 13:51:57.000 UTC,2022-07-08 07:32:26.000 UTC,6926.088697260384,6926.088697260384,0.0,0.0,0.0,Gelato,2023-04-14 00:25:57.898425+00:00
87,OP Foundation,OP Foundation Wallet,OP Foundation Grants,2022-07-08 21:22:57.000 UTC,2022-07-08 21:22:57.000 UTC,0.0,0.0,0.0,0.0,300000.0,Gelato,2023-04-14 00:25:57.898425+00:00
88,Deployed,Hop Protocol,Distributor,2023-04-10 18:16:12.000 UTC,2022-10-05 03:38:02.000 UTC,0.0,174149.3103595078,0.0,0.0,0.0,Hop Protocol,2023-04-14 00:25:57.898425+00:00
89,Other,Other,Other,2023-04-13 23:19:42.000 UTC,2022-10-05 04:43:14.000 UTC,77925.56597157374,0.0,0.0,0.0,0.0,Hop Protocol,2023-04-14 00:25:57.898425+00:00
90,Project,Velodrome,Intermediate Disperser,2022-08-04 17:38:45.000 UTC,2022-08-04 17:38:45.000 UTC,0.0,0.0,552.193,0.0,0.0,Hop Protocol,2023-04-14 00:25:57.898425+00:00
91,OP Foundation,OP Foundation Wallet,OP Foundation Grants,2022-10-03 02:22:28.000 UTC,2022-10-03 02:22:28.000 UTC,0.0,0.0,0.0,0.0,1000000.0,Hop Protocol,2023-04-14 00:25:57.898425+00:00
92,Deployed,Hundred Finance,pool,2023-01-18 13:44:33.000 UTC,2022-11-28 12:22:16.000 UTC,0.0,84687.5,0.0,0.0,0.0,Hundred Finance,2023-04-14 00:25:57.898425+00:00
93,Deployed,Hundred Finance,Token Treasury,2023-03-23 09:03:20.000 UTC,2023-01-11 13:14:49.000 UTC,0.0,72010.0,0.0,0.0,0.0,Hundred Finance,2023-04-14 00:25:57.898425+00:00
94,Other,Other,Other,2023-04-13 20:49:28.000 UTC,2022-11-28 12:22:16.000 UTC,134329.7956439507,10625.0,0.0,0.0,0.0,Hundred Finance,2023-04-14 00:25:57.898425+00:00
95,OP Foundation,OP Foundation Wallet,OP Foundation Grants,2022-08-26 08:28:32.000 UTC,2022-08-26 08:28:32.000 UTC,0.0,0.0,0.0,0.0,300000.0,Hundred Finance,2023-04-14 00:25:57.898425+00:00
96,Other,xToken LP,Other,2022-12-16 20:09:40.000 UTC,2022-11-30 00:50:01.000 UTC,236.66196500528164,0.0,0.0,0.0,0.0,Hundred Finance,2023-04-14 00:25:57.898425+00:00
97,Other,Other,Other,2022-12-09 22:19:41.000 UTC,2022-12-09 22:19:41.000 UTC,14630.0,14630.0,0.0,0.0,0.0,Interest Protocol,2023-04-14 00:25:57.898425+00:00
98,OP Foundation,OP Foundation Wallet,OP Foundation Grants,2023-03-17 15:34:19.000 UTC,2022-12-06 19:56:05.000 UTC,0.0,0.0,0.0,0.0,21630.0,Interest Protocol,2023-04-14 00:25:57.898425+00:00
99,Deployed,Karma,Karma - Grant,2023-02-13 02:23:59.000 UTC,2023-02-13 02:20:28.000 UTC,0.0,23055.926025839133,0.0,0.0,0.0,Karma,2023-04-14 00:25:57.898425+00:00
100,Other,Other,Other,2022-12-15 07:01:35.000 UTC,2022-12-15 07:01:35.000 UTC,2500.0,2500.0,0.0,0.0,0.0,Karma,2023-04-14 00:25:57.898425+00:00
101,OP Foundation,OP Foundation Wallet,OP Foundation Grants,2022-12-15 06:59:05.000 UTC,2022-12-15 06:59:05.000 UTC,0.0,0.0,0.0,0.0,24999.999999999996,Karma,2023-04-14 00:25:57.898425+00:00
102,OP Foundation,OP Foundation Wallet,OP Foundation Grants,2022-11-06 17:07:30.000 UTC,2022-11-06 17:07:30.000 UTC,0.0,0.0,0.0,0.0,300000.0,Kromatika,2023-04-14 00:25:57.898425+00:00
103,Deployed,Kwenta,Distributor,2022-12-16 17:41:57.000 UTC,2022-08-15 19:31:21.000 UTC,0.0,256570.0,0.0,0.0,0.0,Kwenta,2023-04-14 00:25:57.898425+00:00
104,Other,Other,Other,2023-04-10 14:44:26.000 UTC,2022-07-11 22:11:36.000 UTC,253389.3999916429,1.0,0.0,0.0,0.0,Kwenta,2023-04-14 00:25:57.898425+00:00
105,Project,Polynomial Protocol,Phase 0,2022-08-15 07:49:57.000 UTC,2022-08-15 07:49:57.000 UTC,0.0,0.0,11570.0,0.0,0.0,Kwenta,2023-04-14 00:25:57.898425+00:00
106,OP Foundation,OP Foundation Wallet,OP Foundation Grants,2022-07-15 14:58:43.000 UTC,2022-07-15 14:58:43.000 UTC,0.0,0.0,0.0,0.0,900000.0,Kwenta,2023-04-14 00:25:57.898425+00:00
107,Other,Other,Other,2023-02-20 09:19:30.000 UTC,2022-11-20 07:09:11.000 UTC,32000.0,32000.0,0.0,0.0,0.0,"KyberSwap,QiDao",2023-04-14 00:25:57.898425+00:00
108,Project,QiDao,Season 1,2022-11-18 19:07:13.000 UTC,2022-11-18 19:07:13.000 UTC,0.0,0.0,32000.0,0.0,0.0,"KyberSwap,QiDao",2023-04-14 00:25:57.898425+00:00
109,Other,Other,Other,2023-04-13 15:59:57.000 UTC,2022-06-01 04:16:52.000 UTC,302327.4252382687,283708.76918028184,0.0,0.0,0.0,Layer2dao,2023-04-14 00:25:57.898425+00:00
110,Other,1inch Swap,Other,2022-08-17 21:38:27.000 UTC,2022-08-17 21:24:55.000 UTC,281957.4327444706,281957.4327444706,0.0,0.0,0.0,Layer2dao,2023-04-14 00:25:57.898425+00:00
111,Other,xToken LP ,Other,2022-10-23 00:11:50.000 UTC,2022-09-12 18:56:14.000 UTC,41920.357390288336,41920.357390288336,0.0,0.0,0.0,Layer2dao,2023-04-14 00:25:57.898425+00:00
112,Project,Thales,"Season 3,Season 2,Phase 0",2022-09-06 19:17:37.000 UTC,2022-09-06 19:17:37.000 UTC,0.0,27500.0,0.0,27500.0,0.0,Layer2dao,2023-04-14 00:25:57.898425+00:00
113,Project,Socket,Season 2,2022-11-30 16:44:26.000 UTC,2022-11-30 16:44:26.000 UTC,0.0,27500.0,0.0,27500.0,0.0,Layer2dao,2023-04-14 00:25:57.898425+00:00
114,Project,Velodrome,"Season 2,Intermediate",2022-08-15 06:37:33.000 UTC,2022-07-19 04:10:24.000 UTC,0.0,24000.0,0.0,24000.0,0.0,Layer2dao,2023-04-14 00:25:57.898425+00:00
115,Deployed,Layer2dao,L2DAO/OP: Velodrome,2022-09-11 19:55:47.000 UTC,2022-08-22 20:52:41.000 UTC,0.0,14000.0,0.0,0.0,0.0,Layer2dao,2023-04-14 00:25:57.898425+00:00
116,Project,Velodrome,Intermediate Disperser,2022-08-18 18:10:47.000 UTC,2022-07-28 17:23:14.000 UTC,0.0,0.0,1557.3300000000002,0.0,0.0,Layer2dao,2023-04-14 00:25:57.898425+00:00
117,OP Foundation,OP Foundation Wallet,OP Foundation Grants,2023-02-09 19:03:11.000 UTC,2022-07-08 21:22:57.000 UTC,0.0,0.0,0.0,0.0,300673.80835120054,Layer2dao,2023-04-14 00:25:57.898425+00:00
118,Project,Layer2dao,Phase 0,2022-09-15 05:19:06.000 UTC,2022-08-29 03:57:48.000 UTC,0.0,-870.5601645156781,0.0,0.0,0.0,Layer2dao,2023-04-14 00:25:57.898425+00:00
119,Other,Other,Other,2023-04-04 15:46:33.000 UTC,2022-12-29 20:02:39.000 UTC,41002.0,41002.0,0.0,0.0,0.0,LiFi,2023-04-14 00:25:57.898425+00:00
120,OP Foundation,OP Foundation Wallet,OP Foundation Grants,2022-11-30 20:32:11.000 UTC,2022-11-30 20:32:11.000 UTC,0.0,0.0,0.0,0.0,99999.99999999999,LiFi,2023-04-14 00:25:57.898425+00:00
121,Project,Polynomial Protocol,Phase 0,2022-08-15 07:49:57.000 UTC,2022-08-15 07:49:57.000 UTC,0.0,0.0,11570.0,0.0,0.0,LiFi,2023-04-14 00:25:57.898425+00:00
122,Project,"QiDao,KyberSwap","Intermediate,Season 3",2023-04-07 09:44:41.000 UTC,2023-04-07 09:44:41.000 UTC,0.0,12000.0,0.0,12000.0,0.0,Lido,2023-04-14 00:25:57.898425+00:00
123,Other,Other,Other,2023-04-07 12:22:33.000 UTC,2023-04-07 09:44:41.000 UTC,8625.0,8625.0,0.0,0.0,0.0,Lido,2023-04-14 00:25:57.898425+00:00
124,Project,Beethoven X,Season 1,2023-04-07 09:44:41.000 UTC,2023-04-07 09:44:41.000 UTC,0.0,6000.0,0.0,6000.0,0.0,Lido,2023-04-14 00:25:57.898425+00:00
125,Project,Beefy Finance,Season 1,2023-04-07 09:44:41.000 UTC,2023-04-07 09:44:41.000 UTC,0.0,4000.0,0.0,4000.0,0.0,Lido,2023-04-14 00:25:57.898425+00:00
126,Project,QiDao,Season 1,2023-04-07 09:44:41.000 UTC,2023-04-07 09:44:41.000 UTC,0.0,3000.0,0.0,3000.0,0.0,Lido,2023-04-14 00:25:57.898425+00:00
127,OP Foundation,OP Foundation Wallet,OP Foundation Grants,2023-03-03 17:51:51.000 UTC,2023-03-03 17:51:51.000 UTC,0.0,0.0,0.0,0.0,1000000.0,Lido,2023-04-14 00:25:57.898425+00:00
128,Deployed,Lyra,Distributor,2023-04-12 04:47:24.000 UTC,2022-08-17 00:59:25.000 UTC,0.0,1204656.419354458,0.0,0.0,0.0,Lyra,2023-04-14 00:25:57.898425+00:00
129,Other,Lyra Unknown,Other,2023-02-28 00:05:31.000 UTC,2023-01-11 03:26:05.000 UTC,168900.0,168900.0,0.0,0.0,0.0,Lyra,2023-04-14 00:25:57.898425+00:00
130,Other,Other,Other,2023-04-13 18:54:12.000 UTC,2022-07-10 04:47:32.000 UTC,1081053.3089704968,141163.17661748827,0.0,0.0,0.0,Lyra,2023-04-14 00:25:57.898425+00:00
131,Project,Polynomial Protocol,Phase 0,2022-11-06 14:02:37.000 UTC,2022-11-06 14:02:37.000 UTC,0.0,36000.0,0.0,36000.0,0.0,Lyra,2023-04-14 00:25:57.898425+00:00
132,Project,Polynomial Protocol,Phase 0,2022-08-15 07:49:57.000 UTC,2022-08-03 06:59:10.000 UTC,0.0,0.0,83570.0,0.0,0.0,Lyra,2023-04-14 00:25:57.898425+00:00
133,Project,Velodrome,Intermediate Disperser,2022-07-28 19:09:57.000 UTC,2022-07-28 19:09:57.000 UTC,0.0,0.0,5305.409,0.0,0.0,Lyra,2023-04-14 00:25:57.898425+00:00
134,Project,Synthetix,Multisig - Maybe Grants,2023-01-11 03:04:49.000 UTC,2023-01-11 03:04:49.000 UTC,0.0,0.0,149600.0,0.0,0.0,Lyra,2023-04-14 00:25:57.898425+00:00
135,Other,Aelin user,Other,2023-02-05 22:55:43.000 UTC,2022-08-29 21:03:23.000 UTC,1135.3621721261322,0.0,0.0,0.0,0.0,Lyra,2023-04-14 00:25:57.898425+00:00
136,Project,Synthetix,Phase 0,2023-02-24 09:02:42.000 UTC,2023-02-24 09:02:42.000 UTC,0.0,0.0,19300.0,0.0,0.0,Lyra,2023-04-14 00:25:57.898425+00:00
137,OP Foundation,OP Foundation Wallet,OP Foundation Grants,2022-07-20 02:42:01.000 UTC,2022-07-20 02:42:01.000 UTC,0.0,0.0,0.0,0.0,3000000.0,Lyra,2023-04-14 00:25:57.898425+00:00
138,Other,Other,Other,2023-03-31 19:29:34.000 UTC,2022-07-25 17:50:09.000 UTC,19545.02853434353,19545.02853434353,0.0,0.0,0.0,Mean Finance,2023-04-14 00:25:57.898425+00:00
139,OP Foundation,OP Foundation Wallet,OP Foundation Grants,2022-10-19 17:18:22.000 UTC,2022-10-19 17:18:22.000 UTC,0.0,0.0,0.0,0.0,300000.0,Mean Finance,2023-04-14 00:25:57.898425+00:00
140,Other,Other,Other,2023-04-07 16:52:34.000 UTC,2023-03-21 14:30:59.000 UTC,7374.380281705,7374.380281705,0.0,0.0,0.0,Mochi,2023-04-14 00:25:57.898425+00:00
141,OP Foundation,OP Foundation Wallet,OP Foundation Grants,2023-01-02 15:47:47.000 UTC,2023-01-02 15:47:47.000 UTC,0.0,0.0,0.0,0.0,99999.99999999999,Mochi,2023-04-14 00:25:57.898425+00:00
142,OP Foundation,OP Foundation Wallet,OP Foundation Grants,2022-09-12 17:34:15.000 UTC,2022-09-12 17:34:15.000 UTC,0.0,0.0,0.0,0.0,181804.0,OKX,2023-04-14 00:25:57.898425+00:00
143,Other,Other,Other,2023-04-13 05:11:37.000 UTC,2022-06-01 06:35:37.000 UTC,35615151.44946324,35615151.44946324,0.0,0.0,0.0,OP Foundation Wallet,2023-04-14 00:25:57.898425+00:00
144,Deployed,Gamma,Partner Fund,2023-04-05 22:25:49.000 UTC,2023-03-17 16:43:37.000 UTC,0.0,202498.0,0.0,0.0,0.0,OP Foundation Wallet,2023-04-14 00:25:57.898425+00:00
145,Deployed,Arrakis Finance,Partner Fund,2023-04-13 05:12:22.000 UTC,2023-03-17 16:43:37.000 UTC,0.0,137509.0,0.0,0.0,0.0,OP Foundation Wallet,2023-04-14 00:25:57.898425+00:00
146,Other,Perp Foundation,Other,2023-02-09 20:13:51.000 UTC,2023-02-09 19:01:11.000 UTC,2829.5320904446703,2829.5320904446703,0.0,0.0,0.0,OP Foundation Wallet,2023-04-14 00:25:57.898425+00:00
147,Deployed,Thales,Distributor,2023-02-09 20:11:48.000 UTC,2023-02-09 19:28:18.000 UTC,0.0,1055.5372272649327,0.0,0.0,0.0,OP Foundation Wallet,2023-04-14 00:25:57.898425+00:00
148,Other,xToken LP,Other,2023-02-09 19:49:03.000 UTC,2023-02-09 19:36:13.000 UTC,291.59756670154115,291.59756670154115,0.0,0.0,0.0,OP Foundation Wallet,2023-04-14 00:25:57.898425+00:00
149,Other,Aelin user,Other,2023-02-09 19:45:11.000 UTC,2023-02-09 19:45:11.000 UTC,75.74318733628495,75.74318733628495,0.0,0.0,0.0,OP Foundation Wallet,2023-04-14 00:25:57.898425+00:00
150,Other,Lyra Unknown,Other,2023-02-09 19:37:46.000 UTC,2023-02-09 19:37:46.000 UTC,39.079339810631986,39.079339810631986,0.0,0.0,0.0,OP Foundation Wallet,2023-04-14 00:25:57.898425+00:00
151,Deployed,WePiggy,Distributor,2023-02-09 19:34:57.000 UTC,2023-02-09 19:34:57.000 UTC,0.0,39.034214943369975,0.0,0.0,0.0,OP Foundation Wallet,2023-04-14 00:25:57.898425+00:00
152,Deployed,Velodrome,Distributor,2023-02-09 19:54:11.000 UTC,2023-02-09 19:54:11.000 UTC,0.0,28.549869979236238,0.0,0.0,0.0,OP Foundation Wallet,2023-04-14 00:25:57.898425+00:00
153,Deployed,Kwenta,Distributor,2023-02-09 19:47:48.000 UTC,2023-02-09 19:47:48.000 UTC,0.0,16.15751295181371,0.0,0.0,0.0,OP Foundation Wallet,2023-04-14 00:25:57.898425+00:00
154,Project,Thales,Contract Deployer,2023-02-09 19:50:06.000 UTC,2023-02-09 19:50:06.000 UTC,0.0,0.0,0.0,0.0,0.0,OP Foundation Wallet,2023-04-14 00:25:57.898425+00:00
155,Project,Zipswap,Phase 0,2023-02-09 19:49:35.000 UTC,2023-02-09 19:49:35.000 UTC,0.0,0.0,0.0,0.0,0.0,OP Foundation Wallet,2023-04-14 00:25:57.898425+00:00
156,Project,Hundred Finance,Season 1,2022-08-26 08:28:32.000 UTC,2022-08-26 08:28:32.000 UTC,0.0,0.0,0.0,0.0,0.0,OP Foundation Wallet,2023-04-14 00:25:57.898425+00:00
157,Project,Candide Wallet,Season 1,2022-08-09 12:31:03.000 UTC,2022-08-09 12:28:28.000 UTC,0.0,0.0,0.0,0.0,0.0,OP Foundation Wallet,2023-04-14 00:25:57.898425+00:00
158,Project,Gelato,Phase 0,2022-07-08 21:22:57.000 UTC,2022-07-08 21:22:57.000 UTC,0.0,0.0,0.0,0.0,0.0,OP Foundation Wallet,2023-04-14 00:25:57.898425+00:00
159,Project,PoolTogether,"Partner Fund,Season 2",2022-11-28 17:16:24.000 UTC,2022-07-20 22:00:07.000 UTC,0.0,0.0,0.0,0.0,0.0,OP Foundation Wallet,2023-04-14 00:25:57.898425+00:00
160,Project,Quests on Coinbase Wallet - Quest #3 Attestation,Partner Fund,2023-03-29 19:03:48.000 UTC,2023-03-29 19:03:48.000 UTC,0.0,0.0,0.0,0.0,0.0,OP Foundation Wallet,2023-04-14 00:25:57.898425+00:00
161,Project,EthernautDAO,Season 2,2022-11-29 14:03:58.000 UTC,2022-11-29 14:03:58.000 UTC,0.0,0.0,0.0,0.0,0.0,OP Foundation Wallet,2023-04-14 00:25:57.898425+00:00
162,Project,Perpetual Protocol,Grants Wallet,2023-02-09 19:16:37.000 UTC,2023-02-09 19:16:37.000 UTC,0.0,0.0,0.0,0.0,0.0,OP Foundation Wallet,2023-04-14 00:25:57.898425+00:00
163,Project,Interest Protocol,Season 2,2023-03-17 15:34:19.000 UTC,2022-12-06 19:56:05.000 UTC,0.0,0.0,0.0,0.0,0.0,OP Foundation Wallet,2023-04-14 00:25:57.898425+00:00
164,Project,WardenSwap,Season 1,2022-11-26 18:31:40.000 UTC,2022-11-26 18:31:40.000 UTC,0.0,0.0,0.0,0.0,0.0,OP Foundation Wallet,2023-04-14 00:25:57.898425+00:00
165,Project,Synthetix,Phase 0,2022-07-27 11:39:58.000 UTC,2022-07-27 11:39:58.000 UTC,0.0,0.0,0.0,0.0,0.0,OP Foundation Wallet,2023-04-14 00:25:57.898425+00:00
166,Project,Perpetual Protocol,Phase 0,2022-07-08 21:22:57.000 UTC,2022-07-08 21:22:57.000 UTC,0.0,0.0,0.0,0.0,0.0,OP Foundation Wallet,2023-04-14 00:25:57.898425+00:00
167,Project,Quix,Partner Fund,2023-02-09 19:41:35.000 UTC,2022-10-19 16:37:09.000 UTC,0.0,0.0,0.0,0.0,0.0,OP Foundation Wallet,2023-04-14 00:25:57.898425+00:00
168,Project,Beefy Finance,Season 1,2022-09-12 21:18:28.000 UTC,2022-09-12 21:18:28.000 UTC,0.0,0.0,0.0,0.0,0.0,OP Foundation Wallet,2023-04-14 00:25:57.898425+00:00
169,Project,Mochi,Season 2,2023-01-02 15:47:47.000 UTC,2023-01-02 15:47:47.000 UTC,0.0,0.0,0.0,0.0,0.0,OP Foundation Wallet,2023-04-14 00:25:57.898425+00:00
170,Project,Bankless Academy,Season 2,2022-10-20 10:16:39.000 UTC,2022-10-20 10:16:39.000 UTC,0.0,0.0,0.0,0.0,0.0,OP Foundation Wallet,2023-04-14 00:25:57.898425+00:00
171,Project,OptiChads,Season 2,2023-02-09 20:11:48.000 UTC,2022-10-28 00:24:58.000 UTC,0.0,0.0,0.0,0.0,0.0,OP Foundation Wallet,2023-04-14 00:25:57.898425+00:00
172,Project,Pika Protocol,Phase 0,2022-08-26 04:22:04.000 UTC,2022-08-26 04:18:37.000 UTC,0.0,0.0,0.0,0.0,0.0,OP Foundation Wallet,2023-04-14 00:25:57.898425+00:00
173,Project,Aave,Phase 0,2022-08-03 16:35:55.000 UTC,2022-08-03 16:35:55.000 UTC,0.0,0.0,0.0,0.0,0.0,OP Foundation Wallet,2023-04-14 00:25:57.898425+00:00
174,Project,dForce,Season 1,2022-09-30 07:12:01.000 UTC,2022-09-30 07:12:01.000 UTC,0.0,0.0,0.0,0.0,0.0,OP Foundation Wallet,2023-04-14 00:25:57.898425+00:00
175,Project,Alchemix,Season 2,2023-01-08 01:17:36.000 UTC,2023-01-08 01:17:36.000 UTC,0.0,0.0,0.0,0.0,0.0,OP Foundation Wallet,2023-04-14 00:25:57.898425+00:00
176,Project,Dope Wars,Season 2,2022-11-17 08:16:13.000 UTC,2022-11-17 08:16:13.000 UTC,0.0,0.0,0.0,0.0,0.0,OP Foundation Wallet,2023-04-14 00:25:57.898425+00:00
177,Project,Boardroom,Season 1,2022-08-26 17:27:27.000 UTC,2022-08-26 17:27:27.000 UTC,0.0,0.0,0.0,0.0,0.0,OP Foundation Wallet,2023-04-14 00:25:57.898425+00:00
178,Project,Rainbow,Season 2,2023-02-18 02:12:43.000 UTC,2023-02-18 02:12:43.000 UTC,0.0,0.0,0.0,0.0,0.0,OP Foundation Wallet,2023-04-14 00:25:57.898425+00:00
179,Project,Kromatika,Season 2,2022-11-06 17:07:30.000 UTC,2022-11-06 17:07:30.000 UTC,0.0,0.0,0.0,0.0,0.0,OP Foundation Wallet,2023-04-14 00:25:57.898425+00:00
180,Project,Slingshot,Phase 0,2022-07-08 21:22:57.000 UTC,2022-07-08 21:22:57.000 UTC,0.0,0.0,0.0,0.0,0.0,OP Foundation Wallet,2023-04-14 00:25:57.898425+00:00
181,Project,Biconomy,Season 1,2022-09-02 08:44:30.000 UTC,2022-09-02 08:44:30.000 UTC,0.0,0.0,0.0,0.0,0.0,OP Foundation Wallet,2023-04-14 00:25:57.898425+00:00
182,Project,Beethoven X,Season 1,2022-08-09 13:31:33.000 UTC,2022-08-09 13:31:33.000 UTC,0.0,0.0,0.0,0.0,0.0,OP Foundation Wallet,2023-04-14 00:25:57.898425+00:00
183,Project,Rocket Pool,Season 1,2022-11-01 00:06:47.000 UTC,2022-11-01 00:06:47.000 UTC,0.0,0.0,0.0,0.0,0.0,OP Foundation Wallet,2023-04-14 00:25:57.898425+00:00
184,Project,dHedge,Intermediate,2023-02-09 20:08:28.000 UTC,2023-02-09 20:08:28.000 UTC,0.0,0.0,0.0,0.0,0.0,OP Foundation Wallet,2023-04-14 00:25:57.898425+00:00
185,Project,Beefy Finance,Intermediate,2023-02-09 19:32:57.000 UTC,2023-02-09 19:32:57.000 UTC,0.0,0.0,0.0,0.0,0.0,OP Foundation Wallet,2023-04-14 00:25:57.898425+00:00
186,Project,Synapse,Phase 0,2023-03-24 16:59:27.000 UTC,2023-03-24 16:59:27.000 UTC,0.0,0.0,0.0,0.0,0.0,OP Foundation Wallet,2023-04-14 00:25:57.898425+00:00
187,Project,WePiggy,Phase 0,2022-07-26 06:28:57.000 UTC,2022-07-26 06:28:57.000 UTC,0.0,0.0,0.0,0.0,0.0,OP Foundation Wallet,2023-04-14 00:25:57.898425+00:00
188,Project,Quix,Distributor,2023-02-09 19:57:01.000 UTC,2023-02-09 19:57:01.000 UTC,0.0,0.0,0.0,0.0,0.0,OP Foundation Wallet,2023-04-14 00:25:57.898425+00:00
189,Project,Lyra,Phase 0,2022-07-20 02:42:01.000 UTC,2022-07-20 02:42:01.000 UTC,0.0,0.0,0.0,0.0,0.0,OP Foundation Wallet,2023-04-14 00:25:57.898425+00:00
190,Project,DefiLlama,Season 2,2022-12-26 20:23:15.000 UTC,2022-12-26 20:23:15.000 UTC,0.0,0.0,0.0,0.0,0.0,OP Foundation Wallet,2023-04-14 00:25:57.898425+00:00
191,Project,CryptoTesters,Partner Fund,2022-12-15 22:36:40.000 UTC,2022-12-15 22:36:40.000 UTC,0.0,0.0,0.0,0.0,0.0,OP Foundation Wallet,2023-04-14 00:25:57.898425+00:00
192,Project,Rubicon,"Season 3,Phase 0",2023-02-09 20:06:11.000 UTC,2022-07-08 21:22:57.000 UTC,0.0,0.0,0.0,0.0,0.0,OP Foundation Wallet,2023-04-14 00:25:57.898425+00:00
193,Project,Thales,"Season 3,Phase 0,Season 2",2023-04-07 11:33:47.000 UTC,2023-04-07 11:33:47.000 UTC,0.0,0.0,0.0,0.0,0.0,OP Foundation Wallet,2023-04-14 00:25:57.898425+00:00
194,Project,Polynomial Protocol,Phase 0,2022-07-19 05:23:53.000 UTC,2022-07-19 05:23:53.000 UTC,0.0,0.0,0.0,0.0,0.0,OP Foundation Wallet,2023-04-14 00:25:57.898425+00:00
195,Project,QiDao,Season 1,2022-08-27 07:22:14.000 UTC,2022-08-27 07:22:14.000 UTC,0.0,0.0,0.0,0.0,0.0,OP Foundation Wallet,2023-04-14 00:25:57.898425+00:00
196,Project,Tarot,Season 2,2022-11-25 17:45:19.000 UTC,2022-11-25 17:45:19.000 UTC,0.0,0.0,0.0,0.0,0.0,OP Foundation Wallet,2023-04-14 00:25:57.898425+00:00
197,Project,OKX,Partner Fund,2022-09-12 17:34:15.000 UTC,2022-09-12 17:34:15.000 UTC,0.0,0.0,0.0,0.0,0.0,OP Foundation Wallet,2023-04-14 00:25:57.898425+00:00
198,Project,LiFi,Season 2,2022-11-30 20:32:11.000 UTC,2022-11-30 20:32:11.000 UTC,0.0,0.0,0.0,0.0,0.0,OP Foundation Wallet,2023-04-14 00:25:57.898425+00:00
199,Project,Hop Protocol,Phase 0,2022-10-03 02:22:28.000 UTC,2022-10-03 02:22:28.000 UTC,0.0,0.0,0.0,0.0,0.0,OP Foundation Wallet,2023-04-14 00:25:57.898425+00:00
200,Project,Otterspace,Season 2,2022-11-04 16:06:55.000 UTC,2022-11-04 16:06:55.000 UTC,0.0,0.0,0.0,0.0,0.0,OP Foundation Wallet,2023-04-14 00:25:57.898425+00:00
201,Project,Crypto LDFM,Season 3,2023-04-06 22:05:05.000 UTC,2023-04-06 22:05:05.000 UTC,0.0,0.0,0.0,0.0,0.0,OP Foundation Wallet,2023-04-14 00:25:57.898425+00:00
202,Project,Zeroex (0x),Phase 0,2022-07-08 21:22:57.000 UTC,2022-07-08 21:22:57.000 UTC,0.0,0.0,0.0,0.0,0.0,OP Foundation Wallet,2023-04-14 00:25:57.898425+00:00
203,Project,Overnight,Season 2,2023-02-09 19:30:53.000 UTC,2023-01-05 20:14:37.000 UTC,0.0,0.0,0.0,0.0,0.0,OP Foundation Wallet,2023-04-14 00:25:57.898425+00:00
204,Project,Sushi,Season 2,2022-11-24 12:49:31.000 UTC,2022-11-24 12:49:31.000 UTC,0.0,0.0,0.0,0.0,0.0,OP Foundation Wallet,2023-04-14 00:25:57.898425+00:00
205,Project,Thales,"Season 3,Season 2,Phase 0",2022-11-04 16:02:09.000 UTC,2022-07-08 21:22:57.000 UTC,0.0,0.0,0.0,0.0,0.0,OP Foundation Wallet,2023-04-14 00:25:57.898425+00:00
206,Project,Premia,Season 3,2023-03-22 23:59:42.000 UTC,2023-03-22 23:59:42.000 UTC,0.0,0.0,0.0,0.0,0.0,OP Foundation Wallet,2023-04-14 00:25:57.898425+00:00
207,Project,Clipper,Phase 0,2022-07-08 21:22:57.000 UTC,2022-07-08 21:22:57.000 UTC,0.0,0.0,0.0,0.0,0.0,OP Foundation Wallet,2023-04-14 00:25:57.898425+00:00
208,Project,Velodrome,Partner Fund,2022-07-14 14:28:43.000 UTC,2022-07-14 14:26:23.000 UTC,0.0,0.0,0.0,0.0,0.0,OP Foundation Wallet,2023-04-14 00:25:57.898425+00:00
209,Project,dForce,Intermediate,2023-02-09 19:50:36.000 UTC,2023-02-09 19:50:36.000 UTC,0.0,0.0,0.0,0.0,0.0,OP Foundation Wallet,2023-04-14 00:25:57.898425+00:00
210,Project,Kwenta,Phase 0,2022-07-15 14:58:43.000 UTC,2022-07-15 14:58:43.000 UTC,0.0,0.0,0.0,0.0,0.0,OP Foundation Wallet,2023-04-14 00:25:57.898425+00:00
211,Project,Karma,"Season 3,Season 2",2022-12-15 06:59:05.000 UTC,2022-12-15 06:59:05.000 UTC,0.0,0.0,0.0,0.0,0.0,OP Foundation Wallet,2023-04-14 00:25:57.898425+00:00
212,Project,Velodrome,"Season 2,Intermediate",2022-11-25 16:43:45.000 UTC,2022-11-25 16:43:45.000 UTC,0.0,0.0,0.0,0.0,0.0,OP Foundation Wallet,2023-04-14 00:25:57.898425+00:00
213,Project,Angle,Intermediate,2022-11-28 08:45:44.000 UTC,2022-11-28 08:45:44.000 UTC,0.0,0.0,0.0,0.0,0.0,OP Foundation Wallet,2023-04-14 00:25:57.898425+00:00
214,Project,Uniswap,Phase 0,2022-09-07 15:07:22.000 UTC,2022-09-07 15:07:22.000 UTC,0.0,0.0,0.0,0.0,0.0,OP Foundation Wallet,2023-04-14 00:25:57.898425+00:00
215,Project,Lido,Partner Fund,2023-03-03 17:51:51.000 UTC,2023-03-03 17:51:51.000 UTC,0.0,0.0,0.0,0.0,0.0,OP Foundation Wallet,2023-04-14 00:25:57.898425+00:00
216,Project,Exactly,Partner Fund,2023-03-10 04:26:29.000 UTC,2023-03-10 04:26:29.000 UTC,0.0,0.0,0.0,0.0,0.0,OP Foundation Wallet,2023-04-14 00:25:57.898425+00:00
217,Project,Aelin,Phase 0,2022-07-14 03:34:07.000 UTC,2022-07-14 03:34:07.000 UTC,0.0,0.0,0.0,0.0,0.0,OP Foundation Wallet,2023-04-14 00:25:57.898425+00:00
218,Project,Via Protocol,Season 3,2023-03-18 12:16:01.000 UTC,2023-03-18 12:16:01.000 UTC,0.0,0.0,0.0,0.0,0.0,OP Foundation Wallet,2023-04-14 00:25:57.898425+00:00
219,Project,Yearn,Season 2,2022-11-24 15:01:22.000 UTC,2022-11-24 15:01:22.000 UTC,0.0,0.0,0.0,0.0,0.0,OP Foundation Wallet,2023-04-14 00:25:57.898425+00:00
220,Project,Celer,Phase 0,2022-08-04 06:56:59.000 UTC,2022-08-04 06:56:59.000 UTC,0.0,0.0,0.0,0.0,0.0,OP Foundation Wallet,2023-04-14 00:25:57.898425+00:00
221,Project,Chainlink,Phase 0,2022-08-03 16:35:25.000 UTC,2022-08-03 16:35:25.000 UTC,0.0,0.0,0.0,0.0,0.0,OP Foundation Wallet,2023-04-14 00:25:57.898425+00:00
222,Project,Pickle Finance,Season 1,2022-08-15 05:33:41.000 UTC,2022-08-15 05:33:41.000 UTC,0.0,0.0,0.0,0.0,0.0,OP Foundation Wallet,2023-04-14 00:25:57.898425+00:00
223,Project,Layer2dao,Contract Deplpoyer,2023-02-09 19:03:11.000 UTC,2023-02-09 19:03:11.000 UTC,0.0,0.0,0.0,0.0,0.0,OP Foundation Wallet,2023-04-14 00:25:57.898425+00:00
224,Project,Mean Finance,Season 1,2022-10-19 17:18:22.000 UTC,2022-10-19 17:18:22.000 UTC,0.0,0.0,0.0,0.0,0.0,OP Foundation Wallet,2023-04-14 00:25:57.898425+00:00
225,Project,Stargate Finance,Phase 0,2022-07-19 23:03:40.000 UTC,2022-07-19 23:03:40.000 UTC,0.0,0.0,0.0,0.0,0.0,OP Foundation Wallet,2023-04-14 00:25:57.898425+00:00
226,Project,The Optimistic Series,Season 3,2023-03-30 19:59:17.000 UTC,2023-03-30 19:59:17.000 UTC,0.0,0.0,0.0,0.0,0.0,OP Foundation Wallet,2023-04-14 00:25:57.898425+00:00
227,Project,Layer2dao,Phase 0,2022-07-08 21:22:57.000 UTC,2022-07-08 21:22:57.000 UTC,0.0,0.0,0.0,0.0,0.0,OP Foundation Wallet,2023-04-14 00:25:57.898425+00:00
228,Project,Angle,Contract Deplopyer,2023-02-09 19:02:41.000 UTC,2023-02-09 19:02:41.000 UTC,0.0,0.0,0.0,0.0,0.0,OP Foundation Wallet,2023-04-14 00:25:57.898425+00:00
229,Project,"QiDao,KyberSwap","Intermediate,Season 3",2023-04-06 16:32:00.000 UTC,2023-04-06 16:32:00.000 UTC,0.0,0.0,0.0,0.0,0.0,OP Foundation Wallet,2023-04-14 00:25:57.898425+00:00
230,Project,Revert Finance,Season 2,2023-02-09 19:48:33.000 UTC,2022-10-19 20:18:31.000 UTC,0.0,0.0,0.0,0.0,0.0,OP Foundation Wallet,2023-04-14 00:25:57.898425+00:00
231,Project,DefiEdge,Uniswap Grants,2023-02-09 19:43:24.000 UTC,2023-02-09 19:43:24.000 UTC,0.0,0.0,0.0,0.0,0.0,OP Foundation Wallet,2023-04-14 00:25:57.898425+00:00
232,Project,xToken,Season 1,2023-02-09 20:05:25.000 UTC,2022-09-13 21:24:23.000 UTC,0.0,0.0,0.0,0.0,0.0,OP Foundation Wallet,2023-04-14 00:25:57.898425+00:00
233,Project,dHedge,Season 2,2022-10-21 01:42:51.000 UTC,2022-10-21 01:42:51.000 UTC,0.0,0.0,0.0,0.0,0.0,OP Foundation Wallet,2023-04-14 00:25:57.898425+00:00
234,Project,Velodrome,Intermediate Disperser,2023-02-09 20:01:34.000 UTC,2023-02-09 20:01:34.000 UTC,0.0,0.0,0.0,0.0,0.0,OP Foundation Wallet,2023-04-14 00:25:57.898425+00:00
235,Project,WePiggy,Intermediate,2023-02-09 19:52:23.000 UTC,2023-02-09 19:52:23.000 UTC,0.0,0.0,0.0,0.0,0.0,OP Foundation Wallet,2023-04-14 00:25:57.898425+00:00
236,Project,1inch,Phase 0,2022-08-15 07:58:07.000 UTC,2022-08-15 07:58:07.000 UTC,0.0,0.0,0.0,0.0,0.0,OP Foundation Wallet,2023-04-14 00:25:57.898425+00:00
237,Project,QiDao,Intermediate,2023-02-09 19:42:22.000 UTC,2023-02-09 19:42:22.000 UTC,0.0,0.0,0.0,0.0,0.0,OP Foundation Wallet,2023-04-14 00:25:57.898425+00:00
238,Project,Rotki,"Season 1,Season 3",2023-02-09 19:47:02.000 UTC,2022-08-09 08:51:51.000 UTC,0.0,0.0,0.0,0.0,0.0,OP Foundation Wallet,2023-04-14 00:25:57.898425+00:00
239,Project,Paraswap,Season 1,2023-03-08 16:47:28.000 UTC,2023-03-08 16:47:28.000 UTC,0.0,0.0,0.0,0.0,0.0,OP Foundation Wallet,2023-04-14 00:25:57.898425+00:00
240,Other,Other,Other,2023-03-30 20:13:25.000 UTC,2022-08-29 05:26:26.000 UTC,52068.46861916356,52068.46861916356,0.0,0.0,0.0,OptiChads,2023-04-14 00:25:57.898425+00:00
241,Other,xToken LP ,Other,2022-09-13 18:44:49.000 UTC,2022-09-13 18:44:49.000 UTC,26.37645075,26.37645075,0.0,0.0,0.0,OptiChads,2023-04-14 00:25:57.898425+00:00
242,OP Foundation,OP Foundation Wallet,OP Foundation Grants,2023-02-09 20:11:48.000 UTC,2022-10-28 00:24:58.000 UTC,0.0,0.0,0.0,0.0,50114.33911916357,OptiChads,2023-04-14 00:25:57.898425+00:00
243,Other,Other,Other,2023-02-03 10:26:22.000 UTC,2022-11-17 14:27:47.000 UTC,5005.0,5005.0,0.0,0.0,0.0,Otterspace,2023-04-14 00:25:57.898425+00:00
244,Other,xToken LP ,Other,2022-11-17 14:29:32.000 UTC,2022-11-17 14:29:32.000 UTC,1995.0,1995.0,0.0,0.0,0.0,Otterspace,2023-04-14 00:25:57.898425+00:00
245,OP Foundation,OP Foundation Wallet,OP Foundation Grants,2022-11-04 16:06:55.000 UTC,2022-11-04 16:06:55.000 UTC,0.0,0.0,0.0,0.0,49999.99999999999,Otterspace,2023-04-14 00:25:57.898425+00:00
246,Other,Other,Other,2023-04-13 21:38:57.000 UTC,2022-09-29 00:01:34.000 UTC,550837.7075261794,378537.6824092356,0.0,0.0,0.0,Overnight,2023-04-14 00:25:57.898425+00:00
247,Deployed,Overnight,USD+/USDC: Velodrome,2023-04-10 17:00:48.000 UTC,2023-01-10 19:30:02.000 UTC,0.0,31700.0,0.0,0.0,0.0,Overnight,2023-04-14 00:25:57.898425+00:00
248,Project,Beethoven X,Season 1,2023-04-06 15:20:56.000 UTC,2023-01-17 08:52:43.000 UTC,0.0,23500.000000000033,0.0,23500.000000000033,0.0,Overnight,2023-04-14 00:25:57.898425+00:00
249,Deployed,Overnight,USD+/DOLA: Velodrome,2023-04-10 17:00:03.000 UTC,2023-01-30 13:51:51.000 UTC,0.0,18500.0,0.0,0.0,0.0,Overnight,2023-04-14 00:25:57.898425+00:00
250,Deployed,Overnight,BPT-USD+: Beethoven X,2023-01-10 03:55:32.000 UTC,2023-01-10 03:55:32.000 UTC,0.0,2450.0,0.0,0.0,0.0,Overnight,2023-04-14 00:25:57.898425+00:00
251,Other,1inch Swap,Other,2023-01-11 15:48:35.000 UTC,2023-01-11 15:48:35.000 UTC,825.0,825.0,0.0,0.0,0.0,Overnight,2023-04-14 00:25:57.898425+00:00
252,Project,Beethoven X,Season 1,2023-03-03 13:38:51.000 UTC,2023-03-03 13:38:51.000 UTC,0.0,0.0,1300.0,0.0,0.0,Overnight,2023-04-14 00:25:57.898425+00:00
253,OP Foundation,OP Foundation Wallet,OP Foundation Grants,2023-02-09 19:30:53.000 UTC,2023-01-05 20:14:37.000 UTC,0.0,0.0,0.0,0.0,400012.68240923557,Overnight,2023-04-14 00:25:57.898425+00:00
254,OP Foundation,OP Foundation Wallet,OP Foundation Grants,2023-03-08 16:47:28.000 UTC,2023-03-08 16:47:28.000 UTC,0.0,0.0,0.0,0.0,450000.0,Paraswap,2023-04-14 00:25:57.898425+00:00
255,Deployed,Perpetual Protocol,Distributor,2023-04-10 08:46:52.000 UTC,2022-07-18 12:57:38.000 UTC,0.0,3508994.4056484597,0.0,0.0,0.0,Perpetual Protocol,2023-04-14 00:25:57.898425+00:00
256,Other,Perp Foundation,Other,2023-04-07 08:03:09.000 UTC,2022-07-18 06:53:35.000 UTC,1462670.6633409427,1315816.6,0.0,0.0,0.0,Perpetual Protocol,2023-04-14 00:25:57.898425+00:00
257,Other,Other,Other,2023-04-13 15:09:20.000 UTC,2022-05-31 22:14:37.000 UTC,3839995.6262371438,585153.7677021429,0.0,0.0,0.0,Perpetual Protocol,2023-04-14 00:25:57.898425+00:00
258,Other,xToken LP ,Other,2022-07-18 15:43:43.000 UTC,2022-07-18 15:43:43.000 UTC,399999.99999999994,399999.99999999994,0.0,0.0,0.0,Perpetual Protocol,2023-04-14 00:25:57.898425+00:00
259,Other,Aelin user,Other,2022-07-18 06:53:05.000 UTC,2022-07-18 06:53:05.000 UTC,220.0,220.0,0.0,0.0,0.0,Perpetual Protocol,2023-04-14 00:25:57.898425+00:00
260,Project,Velodrome,Intermediate Disperser,2022-07-28 19:08:11.000 UTC,2022-07-28 19:08:11.000 UTC,0.0,0.0,13.884,0.0,0.0,Perpetual Protocol,2023-04-14 00:25:57.898425+00:00
261,OP Foundation,OP Foundation Wallet,OP Foundation Grants,2023-02-09 19:16:37.000 UTC,2022-07-08 21:22:57.000 UTC,0.0,0.0,0.0,0.0,9000019.72828754,Perpetual Protocol,2023-04-14 00:25:57.898425+00:00
262,Deployed,Pickle Finance,Distributor,2023-03-31 04:22:18.000 UTC,2022-09-08 08:50:20.000 UTC,0.0,82600.0,0.0,0.0,0.0,Pickle Finance,2023-04-14 00:25:57.898425+00:00
263,Other,Other,Other,2023-04-13 19:53:49.000 UTC,2022-09-08 16:13:45.000 UTC,75600.07964961222,0.0,0.0,0.0,0.0,Pickle Finance,2023-04-14 00:25:57.898425+00:00
264,Other,xToken LP,Other,2022-10-21 16:06:21.000 UTC,2022-10-02 12:36:15.000 UTC,169.97061394762565,0.0,0.0,0.0,0.0,Pickle Finance,2023-04-14 00:25:57.898425+00:00
265,OP Foundation,OP Foundation Wallet,OP Foundation Grants,2022-08-15 05:33:41.000 UTC,2022-08-15 05:33:41.000 UTC,0.0,0.0,0.0,0.0,199999.99999999997,Pickle Finance,2023-04-14 00:25:57.898425+00:00
266,Deployed,Pika Protocol,Distributor,2023-04-07 08:04:24.000 UTC,2022-09-02 03:00:36.000 UTC,0.0,631407.0,0.0,0.0,0.0,Pika Protocol,2023-04-14 00:25:57.898425+00:00
267,Other,Other,Other,2023-04-13 22:42:03.000 UTC,2022-09-02 03:02:51.000 UTC,587618.0103320964,86292.0,0.0,0.0,0.0,Pika Protocol,2023-04-14 00:25:57.898425+00:00
268,Other,xToken LP,Other,2022-10-21 16:06:51.000 UTC,2022-09-10 13:51:32.000 UTC,290.88972333499515,0.0,0.0,0.0,0.0,Pika Protocol,2023-04-14 00:25:57.898425+00:00
269,OP Foundation,OP Foundation Wallet,OP Foundation Grants,2022-08-26 04:22:04.000 UTC,2022-08-26 04:18:37.000 UTC,0.0,0.0,0.0,0.0,900000.0,Pika Protocol,2023-04-14 00:25:57.898425+00:00
270,Deployed,Polynomial Protocol,Distributor,2022-11-24 12:23:16.000 UTC,2022-11-09 07:02:00.000 UTC,0.0,180000.0,0.0,0.0,0.0,Polynomial Protocol,2023-04-14 00:25:57.898425+00:00
271,Project,Lyra,Phase 0,2022-08-15 07:49:57.000 UTC,2022-08-03 06:59:10.000 UTC,0.0,83570.0,0.0,83570.0,0.0,Polynomial Protocol,2023-04-14 00:25:57.898425+00:00
272,Other,Other,Other,2023-04-09 09:43:39.000 UTC,2022-08-15 07:49:57.000 UTC,155553.4299346449,56997.99196000001,0.0,0.0,0.0,Polynomial Protocol,2023-04-14 00:25:57.898425+00:00
273,Project,Kwenta,Phase 0,2022-08-15 07:49:57.000 UTC,2022-08-15 07:49:57.000 UTC,0.0,11570.0,0.0,11570.0,0.0,Polynomial Protocol,2023-04-14 00:25:57.898425+00:00
274,Project,Thales,"Season 3,Season 2,Phase 0",2022-08-15 07:49:57.000 UTC,2022-08-15 07:49:57.000 UTC,0.0,11570.0,0.0,11570.0,0.0,Polynomial Protocol,2023-04-14 00:25:57.898425+00:00
275,Project,LiFi,Intermediate,2022-08-15 07:49:57.000 UTC,2022-08-15 07:49:57.000 UTC,0.0,11570.0,0.0,11570.0,0.0,Polynomial Protocol,2023-04-14 00:25:57.898425+00:00
276,Project,Lyra,Lyra Grants DAO,2022-11-06 14:02:37.000 UTC,2022-11-06 14:02:37.000 UTC,0.0,0.0,36000.0,0.0,0.0,Polynomial Protocol,2023-04-14 00:25:57.898425+00:00
277,OP Foundation,OP Foundation Wallet,OP Foundation Grants,2022-07-19 05:23:53.000 UTC,2022-07-19 05:23:53.000 UTC,0.0,0.0,0.0,0.0,900000.0,Polynomial Protocol,2023-04-14 00:25:57.898425+00:00
278,Deployed,PoolTogether,Distributor,2022-11-28 21:54:22.000 UTC,2022-07-26 17:58:42.000 UTC,0.0,810000.0,0.0,0.0,0.0,PoolTogether,2023-04-14 00:25:57.898425+00:00
279,Other,Other,Other,2023-04-13 23:17:41.000 UTC,2022-07-14 17:48:13.000 UTC,800198.1289372024,32488.0,0.0,0.0,0.0,PoolTogether,2023-04-14 00:25:57.898425+00:00
280,OP Foundation,OP Foundation Wallet,OP Foundation Grants,2022-11-28 17:16:24.000 UTC,2022-07-20 22:00:07.000 UTC,0.0,0.0,0.0,0.0,1000000.0,PoolTogether,2023-04-14 00:25:57.898425+00:00
281,OP Foundation,OP Foundation Wallet,OP Foundation Grants,2023-03-22 23:59:42.000 UTC,2023-03-22 23:59:42.000 UTC,0.0,0.0,0.0,0.0,234999.99999999997,Premia,2023-04-14 00:25:57.898425+00:00
282,Deployed,QiDao,sUSDC/MAI: Velodrome,2023-04-10 17:46:39.000 UTC,2022-08-28 21:00:30.000 UTC,0.0,213632.50488999998,0.0,0.0,0.0,QiDao,2023-04-14 00:25:57.898425+00:00
283,Other,Other,Other,2023-04-13 21:32:57.000 UTC,2022-07-28 02:56:56.000 UTC,399935.3788753612,86157.21842941218,0.0,0.0,0.0,QiDao,2023-04-14 00:25:57.898425+00:00
284,Project,"KyberSwap,QiDao","Season 3,Intermediate",2022-11-18 19:07:13.000 UTC,2022-11-18 19:07:13.000 UTC,0.0,32000.0,0.0,32000.0,0.0,QiDao,2023-04-14 00:25:57.898425+00:00
285,Project,Beethoven X,Season 1,2022-12-21 22:26:14.000 UTC,2022-09-29 17:54:56.000 UTC,0.0,29092.0,0.0,29092.0,0.0,QiDao,2023-04-14 00:25:57.898425+00:00
286,Deployed,QiDao,vUSDC/MAI: Velodrome,2022-09-03 20:32:39.000 UTC,2022-09-03 20:32:39.000 UTC,0.0,6000.0,0.0,0.0,0.0,QiDao,2023-04-14 00:25:57.898425+00:00
287,Project,Lido,Intermediate Wallet,2023-04-07 09:44:41.000 UTC,2023-04-07 09:44:41.000 UTC,0.0,0.0,3000.0,0.0,0.0,QiDao,2023-04-14 00:25:57.898425+00:00
288,OP Foundation,OP Foundation Wallet,OP Foundation Grants,2023-02-09 19:42:22.000 UTC,2022-08-27 07:22:14.000 UTC,0.0,0.0,0.0,0.0,750254.3352601156,QiDao,2023-04-14 00:25:57.898425+00:00
289,Project,Beethoven X,Season 1,2023-01-12 21:51:10.000 UTC,2023-01-12 21:51:10.000 UTC,0.0,0.0,900.0,0.0,0.0,QiDao,2023-04-14 00:25:57.898425+00:00
290,Project,Velodrome,Intermediate Disperser,2022-10-14 17:03:13.000 UTC,2022-09-15 17:59:26.000 UTC,0.0,0.0,12055.337472,0.0,0.0,QiDao,2023-04-14 00:25:57.898425+00:00
291,Project,QiDao,Season 1,2022-09-21 05:36:08.000 UTC,2022-09-21 05:36:08.000 UTC,0.0,-263.0931658329569,0.0,0.0,0.0,QiDao,2023-04-14 00:25:57.898425+00:00
292,Other,Other,Other,2023-04-12 11:43:44.000 UTC,2023-04-12 11:43:14.000 UTC,19500.0,19500.0,0.0,0.0,0.0,"QiDao,KyberSwap",2023-04-14 00:25:57.898425+00:00
293,Project,Lido,Intermediate Wallet,2023-04-07 09:44:41.000 UTC,2023-04-07 09:44:41.000 UTC,0.0,0.0,12000.0,0.0,0.0,"QiDao,KyberSwap",2023-04-14 00:25:57.898425+00:00
294,OP Foundation,OP Foundation Wallet,OP Foundation Grants,2023-04-06 16:32:00.000 UTC,2023-04-06 16:32:00.000 UTC,0.0,0.0,0.0,0.0,99999.99999999999,"QiDao,KyberSwap",2023-04-14 00:25:57.898425+00:00
295,Other,Other,Other,2023-04-13 23:15:24.000 UTC,2023-02-13 17:47:24.000 UTC,93902.0,93902.0,0.0,0.0,0.0,Quests on Coinbase Wallet,2023-04-14 00:25:57.898425+00:00
296,OP Foundation,OP Foundation Wallet,OP Foundation Grants,2023-03-29 19:03:48.000 UTC,2023-03-29 19:03:48.000 UTC,0.0,0.0,0.0,0.0,1.0,Quests on Coinbase Wallet - Quest #3 Attestation,2023-04-14 00:25:57.898425+00:00
297,Other,Other,Other,2023-02-09 21:18:25.000 UTC,2022-06-01 19:55:04.000 UTC,93758.08731223969,93758.08731223969,0.0,0.0,0.0,Quix,2023-04-14 00:25:57.898425+00:00
298,Other,xToken LP ,Other,2022-10-25 18:46:32.000 UTC,2022-10-25 18:46:32.000 UTC,594.5092699305409,594.5092699305409,0.0,0.0,0.0,Quix,2023-04-14 00:25:57.898425+00:00
299,OP Foundation,OP Foundation Wallet,OP Foundation Grants,2023-02-09 19:57:01.000 UTC,2022-10-19 16:37:09.000 UTC,0.0,0.0,0.0,0.0,1010066.6339568252,Quix,2023-04-14 00:25:57.898425+00:00
300,Other,Other,Other,2023-03-06 19:59:53.000 UTC,2023-02-20 18:09:15.000 UTC,114908.45974050317,114908.45974050317,0.0,0.0,0.0,Rainbow,2023-04-14 00:25:57.898425+00:00
301,OP Foundation,OP Foundation Wallet,OP Foundation Grants,2023-02-18 02:12:43.000 UTC,2023-02-18 02:12:43.000 UTC,0.0,0.0,0.0,0.0,420069.0,Rainbow,2023-04-14 00:25:57.898425+00:00
302,Deployed,Revert Finance,Distributor,2023-03-08 13:48:55.000 UTC,2022-11-30 17:32:05.000 UTC,0.0,240000.0,0.0,0.0,0.0,Revert Finance,2023-04-14 00:25:57.898425+00:00
303,Other,Other,Other,2023-04-12 02:50:16.000 UTC,2022-05-31 20:34:36.000 UTC,233225.34259875293,833.0789183035535,0.0,0.0,0.0,Revert Finance,2023-04-14 00:25:57.898425+00:00
304,Other,xToken LP ,Other,2023-02-10 20:36:46.000 UTC,2023-02-10 20:36:46.000 UTC,4.975,4.975,0.0,0.0,0.0,Revert Finance,2023-04-14 00:25:57.898425+00:00
305,OP Foundation,OP Foundation Wallet,OP Foundation Grants,2023-02-09 19:48:33.000 UTC,2022-10-19 20:18:31.000 UTC,0.0,0.0,0.0,0.0,240007.6832824366,Revert Finance,2023-04-14 00:25:57.898425+00:00
306,Other,xToken LP,Other,2023-02-10 06:40:34.000 UTC,2022-11-30 18:55:29.000 UTC,87.70881574267206,0.0,0.0,0.0,0.0,Revert Finance,2023-04-14 00:25:57.898425+00:00
307,Deployed,Rocket Pool,WETH/rETH: Beethoven X,2023-04-10 11:00:54.000 UTC,2022-11-09 23:24:21.000 UTC,0.0,245000.0,0.0,0.0,0.0,Rocket Pool,2023-04-14 00:25:57.898425+00:00
308,Deployed,Rocket Pool,vWETH/rETH: Velodrome,2023-04-10 11:00:54.000 UTC,2023-02-06 23:43:32.000 UTC,0.0,77141.0,0.0,0.0,0.0,Rocket Pool,2023-04-14 00:25:57.898425+00:00
309,Deployed,Rocket Pool,sWETH/rETH: Velodrome,2023-01-31 21:09:45.000 UTC,2022-11-30 04:24:24.000 UTC,0.0,21430.0,0.0,0.0,0.0,Rocket Pool,2023-04-14 00:25:57.898425+00:00
310,Other,Other,Other,2023-04-13 23:18:11.000 UTC,2022-11-10 00:09:47.000 UTC,364605.5900506393,2143.0,0.0,0.0,0.0,Rocket Pool,2023-04-14 00:25:57.898425+00:00
311,Project,Velodrome,"Season 2,Intermediate",2022-11-18 04:58:58.000 UTC,2022-11-18 04:58:58.000 UTC,0.0,2143.0,0.0,2143.0,0.0,Rocket Pool,2023-04-14 00:25:57.898425+00:00
312,OP Foundation,OP Foundation Wallet,OP Foundation Grants,2022-11-01 00:06:47.000 UTC,2022-11-01 00:06:47.000 UTC,0.0,0.0,0.0,0.0,600000.0,Rocket Pool,2023-04-14 00:25:57.898425+00:00
313,Other,1inch Swap,Other,2022-12-09 22:52:43.000 UTC,2022-08-09 09:13:12.000 UTC,195880.22846,195880.22846,0.0,0.0,0.0,Rotki,2023-04-14 00:25:57.898425+00:00
314,Other,Other,Other,2023-02-28 09:37:01.000 UTC,2023-02-28 09:37:01.000 UTC,1464.8220000000001,1464.8220000000001,0.0,0.0,0.0,Rotki,2023-04-14 00:25:57.898425+00:00
315,OP Foundation,OP Foundation Wallet,OP Foundation Grants,2023-02-09 19:47:02.000 UTC,2022-08-09 08:51:51.000 UTC,0.0,0.0,0.0,0.0,210578.0362524194,Rotki,2023-04-14 00:25:57.898425+00:00
316,Deployed,Rubicon,Distributor,2022-08-21 21:38:43.000 UTC,2022-07-15 17:20:59.000 UTC,0.0,351000.0,0.0,0.0,0.0,Rubicon,2023-04-14 00:25:57.898425+00:00
317,Deployed,Rubicon,Distributor LM,2022-07-15 18:08:29.000 UTC,2022-07-15 17:49:03.000 UTC,0.0,324000.00000000006,0.0,0.0,0.0,Rubicon,2023-04-14 00:25:57.898425+00:00
318,Other,Rubicon LP,Other,2023-04-13 15:32:39.000 UTC,2022-06-08 17:12:12.000 UTC,182400.68472098256,91690.26770214278,0.0,0.0,0.0,Rubicon,2023-04-14 00:25:57.898425+00:00
319,Other,Other,Other,2023-04-13 18:54:57.000 UTC,2022-06-28 17:22:03.000 UTC,538320.409165266,42396.08594124832,0.0,0.0,0.0,Rubicon,2023-04-14 00:25:57.898425+00:00
320,Other,xToken LP,Other,2022-11-12 01:08:11.000 UTC,2022-11-12 01:08:11.000 UTC,0.3750529935060633,0.0,0.0,0.0,0.0,Rubicon,2023-04-14 00:25:57.898425+00:00
321,Other,Aelin user,Other,2022-09-05 03:46:34.000 UTC,2022-09-05 03:46:34.000 UTC,311.00952248564266,0.0,0.0,0.0,0.0,Rubicon,2023-04-14 00:25:57.898425+00:00
322,OP Foundation,OP Foundation Wallet,OP Foundation Grants,2023-02-09 20:06:11.000 UTC,2022-07-08 21:22:57.000 UTC,0.0,0.0,0.0,0.0,900254.3352601156,Rubicon,2023-04-14 00:25:57.898425+00:00
323,Project,Rubicon,"Season 3,Phase 0",2023-02-09 22:05:27.000 UTC,2022-07-15 18:19:57.000 UTC,0.0,-15220.808571278772,0.0,0.0,0.0,Rubicon,2023-04-14 00:25:57.898425+00:00
324,Deployed,Slingshot,Distributor,2022-09-30 23:32:34.000 UTC,2022-08-26 17:25:50.000 UTC,0.0,124813.0,0.0,0.0,0.0,Slingshot,2023-04-14 00:25:57.898425+00:00
325,Other,Other,Other,2023-04-05 09:12:51.000 UTC,2022-07-08 16:53:40.000 UTC,123507.0,9523.0,0.0,0.0,0.0,Slingshot,2023-04-14 00:25:57.898425+00:00
326,OP Foundation,OP Foundation Wallet,OP Foundation Grants,2022-07-08 21:22:57.000 UTC,2022-07-08 21:22:57.000 UTC,0.0,0.0,0.0,0.0,300000.0,Slingshot,2023-04-14 00:25:57.898425+00:00
327,Project,Layer2dao,Phase 0,2022-11-30 16:44:26.000 UTC,2022-11-30 16:44:26.000 UTC,0.0,0.0,27500.0,0.0,0.0,Socket,2023-04-14 00:25:57.898425+00:00
328,Other,Other,Other,2022-10-13 16:23:09.000 UTC,2022-10-06 15:44:38.000 UTC,1456.4504320543476,1456.4504320543476,0.0,0.0,0.0,Sonne Finance,2023-04-14 00:25:57.898425+00:00
329,Deployed,Stargate Finance,LP Staking Time,2023-01-05 00:10:59.000 UTC,2022-08-04 19:06:01.000 UTC,0.0,469724.73000000004,0.0,0.0,0.0,Stargate Finance,2023-04-14 00:25:57.898425+00:00
330,Project,Beefy Finance,Season 1,2023-03-15 17:32:54.000 UTC,2023-03-15 17:32:54.000 UTC,0.0,75000.0,0.0,75000.0,0.0,Stargate Finance,2023-04-14 00:25:57.898425+00:00
331,Other,Other,Other,2023-04-13 23:21:28.000 UTC,2022-07-13 23:21:32.000 UTC,353922.8193889696,1.0,0.0,0.0,0.0,Stargate Finance,2023-04-14 00:25:57.898425+00:00
332,OP Foundation,OP Foundation Wallet,OP Foundation Grants,2022-07-19 23:03:40.000 UTC,2022-07-19 23:03:40.000 UTC,0.0,0.0,0.0,0.0,1000000.0,Stargate Finance,2023-04-14 00:25:57.898425+00:00
333,Deployed,Sushi,ComplexRewarderTime,2023-02-28 20:47:12.000 UTC,2023-02-28 20:47:12.000 UTC,0.0,49999.99999999999,0.0,0.0,0.0,Sushi,2023-04-14 00:25:57.898425+00:00
334,Other,Other,Other,2023-04-13 18:34:08.000 UTC,2023-02-18 20:20:08.000 UTC,22314.647248247198,0.0,0.0,0.0,0.0,Sushi,2023-04-14 00:25:57.898425+00:00
335,OP Foundation,OP Foundation Wallet,OP Foundation Grants,2022-11-24 12:49:31.000 UTC,2022-11-24 12:49:31.000 UTC,0.0,0.0,0.0,0.0,504000.0,Sushi,2023-04-14 00:25:57.898425+00:00
336,Other,Other,Other,2023-03-26 20:15:31.000 UTC,2023-03-25 19:54:25.000 UTC,850000.0,850000.0,0.0,0.0,0.0,Synapse,2023-04-14 00:25:57.898425+00:00
337,OP Foundation,OP Foundation Wallet,OP Foundation Grants,2023-03-24 16:59:27.000 UTC,2023-03-24 16:59:27.000 UTC,0.0,0.0,0.0,0.0,1000000.0,Synapse,2023-04-14 00:25:57.898425+00:00
338,Deployed,Synthetix,SNXAmbassadors delegation,2022-10-17 22:18:24.000 UTC,2022-10-17 22:18:24.000 UTC,0.0,2000000.0,0.0,0.0,0.0,Synthetix,2023-04-14 00:25:57.898425+00:00
339,Other,Other,Other,2023-04-13 23:16:56.000 UTC,2022-08-23 15:51:39.000 UTC,3439348.34511564,1044492.0631406144,0.0,0.0,0.0,Synthetix,2023-04-14 00:25:57.898425+00:00
340,Deployed,Synthetix,sUSD-3Crv: Curve,2023-03-17 20:16:56.000 UTC,2022-08-25 12:27:40.000 UTC,0.0,590000.0,0.0,0.0,0.0,Synthetix,2023-04-14 00:25:57.898425+00:00
341,Deployed,Synthetix,sETH-ETH: Curve,2023-03-17 20:16:56.000 UTC,2022-08-25 12:29:25.000 UTC,0.0,590000.0,0.0,0.0,0.0,Synthetix,2023-04-14 00:25:57.898425+00:00
342,Deployed,Synthetix,USDC/sUSD: Velodrome,2023-04-13 21:38:12.000 UTC,2022-09-27 16:00:49.000 UTC,0.0,300000.0,0.0,0.0,0.0,Synthetix,2023-04-14 00:25:57.898425+00:00
343,Deployed,Synthetix,ETH/sETH: Velodrome,2023-03-17 20:16:56.000 UTC,2022-09-27 16:00:49.000 UTC,0.0,260000.0,0.0,0.0,0.0,Synthetix,2023-04-14 00:25:57.898425+00:00
344,Deployed,Synthetix,USDC/SNX: Velodrome,2023-03-17 20:16:56.000 UTC,2022-09-27 16:00:49.000 UTC,0.0,260000.0,0.0,0.0,0.0,Synthetix,2023-04-14 00:25:57.898425+00:00
345,Project,Lyra,Intermediate,2023-02-24 09:02:42.000 UTC,2023-01-11 03:04:49.000 UTC,0.0,168900.0,0.0,168900.0,0.0,Synthetix,2023-04-14 00:25:57.898425+00:00
346,Deployed,Synthetix,SNX Bridge: Hop,2023-04-09 12:49:55.000 UTC,2022-10-25 23:35:36.000 UTC,0.0,78000.0,0.0,0.0,0.0,Synthetix,2023-04-14 00:25:57.898425+00:00
347,Project,dHedge,Season 2,2022-10-20 18:59:19.000 UTC,2022-10-20 18:59:19.000 UTC,0.0,7500.0,0.0,7500.0,0.0,Synthetix,2023-04-14 00:25:57.898425+00:00
348,Deployed,Kwenta,Distributor,2022-08-25 18:32:52.000 UTC,2022-08-24 12:01:27.000 UTC,0.0,2500.0,0.0,0.0,0.0,Synthetix,2023-04-14 00:25:57.898425+00:00
349,Project,Velodrome,Intermediate Disperser,2023-03-30 18:19:03.000 UTC,2022-07-28 17:23:14.000 UTC,0.0,0.0,29953.540690600003,0.0,0.0,Synthetix,2023-04-14 00:25:57.898425+00:00
350,OP Foundation,OP Foundation Wallet,OP Foundation Grants,2022-07-27 11:39:58.000 UTC,2022-07-27 11:39:58.000 UTC,0.0,0.0,0.0,0.0,9000000.0,Synthetix,2023-04-14 00:25:57.898425+00:00
351,Project,Synthetix,Multisig - Distributor,2023-04-05 19:49:51.000 UTC,2023-04-05 19:49:51.000 UTC,0.0,-103.1731406143824,0.0,0.0,0.0,Synthetix,2023-04-14 00:25:57.898425+00:00
352,Project,Synthetix,Phase 0,2022-12-01 13:11:36.000 UTC,2022-12-01 13:11:36.000 UTC,0.0,-28431.893067761906,0.0,0.0,0.0,Synthetix,2023-04-14 00:25:57.898425+00:00
353,OP Foundation,OP Foundation Wallet,OP Foundation Grants,2022-11-25 17:45:19.000 UTC,2022-11-25 17:45:19.000 UTC,0.0,0.0,0.0,0.0,540000.0,Tarot,2023-04-14 00:25:57.898425+00:00
354,Deployed,Thales,Distributor,2023-04-12 09:27:57.000 UTC,2022-07-15 15:59:30.000 UTC,0.0,1095319.8900000001,0.0,0.0,0.0,Thales,2023-04-14 00:25:57.898425+00:00
355,Other,Other,Other,2023-04-13 18:30:22.000 UTC,2022-07-08 00:08:25.000 UTC,1137172.9458396474,80542.22526011562,0.0,0.0,0.0,Thales,2023-04-14 00:25:57.898425+00:00
356,Project,Velodrome,"Season 2,Intermediate",2022-08-05 09:46:36.000 UTC,2022-08-05 09:46:36.000 UTC,0.0,1302.0,0.0,1302.0,0.0,Thales,2023-04-14 00:25:57.898425+00:00
357,Other,xToken LP ,Other,2023-03-01 19:51:57.000 UTC,2023-03-01 19:51:57.000 UTC,4.46,0.0,0.0,0.0,0.0,Thales,2023-04-14 00:25:57.898425+00:00
358,Project,Velodrome,Intermediate Disperser,2022-08-04 17:38:45.000 UTC,2022-07-28 19:09:57.000 UTC,0.0,0.0,5222.813,0.0,0.0,Thales,2023-04-14 00:25:57.898425+00:00
359,Project,Layer2dao,Phase 0,2022-09-06 19:17:37.000 UTC,2022-09-06 19:17:37.000 UTC,0.0,0.0,27500.0,0.0,0.0,Thales,2023-04-14 00:25:57.898425+00:00
360,Other,xToken LP,Other,2022-12-19 20:31:53.000 UTC,2022-12-19 20:31:53.000 UTC,0.18,0.0,0.0,0.0,0.0,Thales,2023-04-14 00:25:57.898425+00:00
361,Project,Polynomial Protocol,Phase 0,2022-08-15 07:49:57.000 UTC,2022-08-15 07:49:57.000 UTC,0.0,0.0,11570.0,0.0,0.0,Thales,2023-04-14 00:25:57.898425+00:00
362,Other,1inch Swap,Other,2022-09-10 20:22:38.000 UTC,2022-09-10 20:22:38.000 UTC,16.867362080440977,0.0,0.0,0.0,0.0,Thales,2023-04-14 00:25:57.898425+00:00
363,OP Foundation,OP Foundation Wallet,OP Foundation Grants,2023-04-07 11:33:47.000 UTC,2022-07-08 21:22:57.000 UTC,0.0,0.0,0.0,0.0,1300254.3352601156,Thales,2023-04-14 00:25:57.898425+00:00
364,Project,Thales,Contract Deployer,2023-03-13 11:15:54.000 UTC,2023-03-13 11:15:54.000 UTC,0.0,-0.29,0.0,0.0,0.0,Thales,2023-04-14 00:25:57.898425+00:00
365,Project,Thales,"Season 3,Season 2,Phase 0",2023-03-03 19:29:59.000 UTC,2022-06-02 10:34:35.000 UTC,0.0,-36587.25809214993,0.0,0.0,0.0,Thales,2023-04-14 00:25:57.898425+00:00
366,OP Foundation,OP Foundation Wallet,OP Foundation Grants,2023-03-30 19:59:17.000 UTC,2023-03-30 19:59:17.000 UTC,0.0,0.0,0.0,0.0,12000.0,The Optimistic Series,2023-04-14 00:25:57.898425+00:00
367,Project,xToken,Intermediate,2023-01-17 22:01:54.000 UTC,2022-10-25 21:30:41.000 UTC,0.0,41666.659999999996,0.0,41666.659999999996,0.0,Uniswap,2023-04-14 00:25:57.898425+00:00
368,Project,xToken,Season 1,2023-01-17 22:03:10.000 UTC,2022-10-25 21:44:23.000 UTC,0.0,41666.659999999996,0.0,41666.659999999996,0.0,Uniswap,2023-04-14 00:25:57.898425+00:00
369,Project,Arrakis Finance,Uniswap Grants,2023-01-17 22:03:40.000 UTC,2022-10-26 13:08:02.000 UTC,0.0,41666.659999999996,0.0,41666.659999999996,0.0,Uniswap,2023-04-14 00:25:57.898425+00:00
370,Project,DefiEdge,Uniswap Grants,2023-01-18 14:26:24.000 UTC,2023-01-18 05:00:01.000 UTC,0.0,25000.0,0.0,25000.0,0.0,Uniswap,2023-04-14 00:25:57.898425+00:00
371,OP Foundation,OP Foundation Wallet,OP Foundation Grants,2022-09-07 15:07:22.000 UTC,2022-09-07 15:07:22.000 UTC,0.0,0.0,0.0,0.0,1000000.0,Uniswap,2023-04-14 00:25:57.898425+00:00
372,Other,Other,Other,2023-04-13 23:19:26.000 UTC,2022-07-11 17:23:08.000 UTC,4910054.862712814,4776789.034712814,0.0,0.0,0.0,Velodrome,2023-04-14 00:25:57.898425+00:00
373,Deployed,Synthetix,USDC/sUSD: Velodrome,2023-04-12 00:52:42.000 UTC,2022-09-27 16:14:22.000 UTC,0.0,175244.0,0.0,0.0,0.0,Velodrome,2023-04-14 00:25:57.898425+00:00
374,Deployed,Synthetix,ETH/sETH: Velodrome,2023-04-12 15:22:01.000 UTC,2022-09-27 16:14:22.000 UTC,0.0,166389.0,0.0,0.0,0.0,Velodrome,2023-04-14 00:25:57.898425+00:00
375,Deployed,Velodrome,Distributor,2022-08-11 20:31:20.000 UTC,2022-08-11 20:31:20.000 UTC,0.0,139670.0,0.0,0.0,0.0,Velodrome,2023-04-14 00:25:57.898425+00:00
376,Deployed,Synthetix,USDC/SNX: Velodrome,2023-04-12 01:56:28.000 UTC,2022-09-27 16:14:22.000 UTC,0.0,135581.0,0.0,0.0,0.0,Velodrome,2023-04-14 00:25:57.898425+00:00
377,Deployed,QiDao,sUSDC/MAI: Velodrome,2023-04-12 01:03:23.000 UTC,2022-08-23 15:16:46.000 UTC,0.0,116501.0,0.0,0.0,0.0,Velodrome,2023-04-14 00:25:57.898425+00:00
378,Deployed,Overnight,USD+/USDC: Velodrome,2023-04-12 01:08:39.000 UTC,2022-09-26 18:33:11.000 UTC,0.0,46039.0,0.0,0.0,0.0,Velodrome,2023-04-14 00:25:57.898425+00:00
379,Other,1inch Swap,Other,2023-04-13 23:16:10.000 UTC,2022-09-07 20:56:26.000 UTC,35440.49380055,35440.49380055,0.0,0.0,0.0,Velodrome,2023-04-14 00:25:57.898425+00:00
380,Project,Alchemix,Season 2,2023-04-13 19:53:19.000 UTC,2022-08-18 14:53:05.000 UTC,0.0,30442.260611799997,0.0,30442.260611799997,0.0,Velodrome,2023-04-14 00:25:57.898425+00:00
381,Deployed,Overnight,USD+/DOLA: Velodrome,2023-04-12 01:02:23.000 UTC,2023-01-31 22:26:33.000 UTC,0.0,30190.0,0.0,0.0,0.0,Velodrome,2023-04-14 00:25:57.898425+00:00
382,Project,Synthetix,Phase 0,2023-03-30 18:19:03.000 UTC,2022-07-28 17:23:14.000 UTC,0.0,29953.540690600003,0.0,29953.540690600003,0.0,Velodrome,2023-04-14 00:25:57.898425+00:00
383,Deployed,Beefy Finance,BIFI/WETH: Velodrome,2023-04-12 01:06:09.000 UTC,2022-10-05 15:45:10.000 UTC,0.0,26910.0,0.0,0.0,0.0,Velodrome,2023-04-14 00:25:57.898425+00:00
384,Deployed,Beefy Finance,BIFI/OP: Velodrome,2023-04-12 13:18:00.000 UTC,2022-09-13 18:09:59.000 UTC,0.0,20858.0,0.0,0.0,0.0,Velodrome,2023-04-14 00:25:57.898425+00:00
385,Project,Angle,Intermediate,2022-09-29 16:29:25.000 UTC,2022-07-28 19:09:57.000 UTC,0.0,17686.115516500002,0.0,17686.115516500002,0.0,Velodrome,2023-04-14 00:25:57.898425+00:00
386,Deployed,Rocket Pool,vWETH/rETH: Velodrome,2023-04-12 00:59:17.000 UTC,2023-02-15 16:00:28.000 UTC,0.0,17200.0,0.0,0.0,0.0,Velodrome,2023-04-14 00:25:57.898425+00:00
387,Deployed,dHedge,DHT/OP: Velodrome,2023-04-12 01:00:03.000 UTC,2023-02-07 18:34:25.000 UTC,0.0,14234.0,0.0,0.0,0.0,Velodrome,2023-04-14 00:25:57.898425+00:00
388,Project,QiDao,Season 1,2022-10-14 17:03:13.000 UTC,2022-09-15 17:59:26.000 UTC,0.0,12055.337472,0.0,12055.337472,0.0,Velodrome,2023-04-14 00:25:57.898425+00:00
389,Deployed,Rocket Pool,sWETH/rETH: Velodrome,2023-02-01 15:29:37.000 UTC,2022-11-16 23:38:34.000 UTC,0.0,10904.0,0.0,0.0,0.0,Velodrome,2023-04-14 00:25:57.898425+00:00
390,Deployed,Overnight,USD+/LUSD: Velodrome,2023-04-12 15:22:01.000 UTC,2022-09-27 18:48:33.000 UTC,0.0,9196.0,0.0,0.0,0.0,Velodrome,2023-04-14 00:25:57.898425+00:00
391,Deployed,Layer2dao,L2DAO/OP: Velodrome,2022-09-07 17:20:56.000 UTC,2022-08-22 22:04:02.000 UTC,0.0,6800.0,0.0,0.0,0.0,Velodrome,2023-04-14 00:25:57.898425+00:00
392,Deployed,Alchemix,alETH/WETH: Velodrome,2023-04-12 01:09:09.000 UTC,2023-01-10 18:19:41.000 UTC,0.0,6723.0,0.0,0.0,0.0,Velodrome,2023-04-14 00:25:57.898425+00:00
393,Project,Lyra,Intermediate,2022-07-28 19:09:57.000 UTC,2022-07-28 19:09:57.000 UTC,0.0,5305.409,0.0,5305.409,0.0,Velodrome,2023-04-14 00:25:57.898425+00:00
394,Project,Thales,"Season 3,Season 2,Phase 0",2022-08-04 17:38:45.000 UTC,2022-07-28 19:09:57.000 UTC,0.0,5222.813,0.0,5222.813,0.0,Velodrome,2023-04-14 00:25:57.898425+00:00
395,Other,xToken LP ,Other,2022-10-28 17:53:45.000 UTC,2022-09-15 20:30:53.000 UTC,1569.7650130694144,1569.7650130694144,0.0,0.0,0.0,Velodrome,2023-04-14 00:25:57.898425+00:00
396,Project,Layer2dao,Phase 0,2022-08-18 18:10:47.000 UTC,2022-07-28 17:23:14.000 UTC,0.0,1557.33,0.0,1557.33,0.0,Velodrome,2023-04-14 00:25:57.898425+00:00
397,Deployed,Angle,OP/agEUR: Velodrome,2023-03-08 17:12:11.000 UTC,2023-02-22 15:33:12.000 UTC,0.0,1014.0,0.0,0.0,0.0,Velodrome,2023-04-14 00:25:57.898425+00:00
398,Project,Hop Protocol,Phase 0,2022-08-04 17:38:45.000 UTC,2022-08-04 17:38:45.000 UTC,0.0,552.193,0.0,552.193,0.0,Velodrome,2023-04-14 00:25:57.898425+00:00
399,Project,Perpetual Protocol,Phase 0,2022-07-28 19:08:11.000 UTC,2022-07-28 19:08:11.000 UTC,0.0,13.884,0.0,13.884,0.0,Velodrome,2023-04-14 00:25:57.898425+00:00
400,OP Foundation,OP Foundation Wallet,OP Foundation Grants,2023-02-09 20:01:34.000 UTC,2022-07-14 14:26:23.000 UTC,0.0,0.0,0.0,0.0,7001098.975280568,Velodrome,2023-04-14 00:25:57.898425+00:00
401,Project,Rocket Pool,Season 1,2022-11-18 04:58:58.000 UTC,2022-11-18 04:58:58.000 UTC,0.0,0.0,2143.0,0.0,0.0,Velodrome,2023-04-14 00:25:57.898425+00:00
402,Project,Aelin,Phase 0,2022-08-17 03:55:38.000 UTC,2022-07-19 11:52:43.000 UTC,0.0,0.0,19827.0,0.0,0.0,Velodrome,2023-04-14 00:25:57.898425+00:00
403,Project,Layer2dao,Phase 0,2022-08-15 06:37:33.000 UTC,2022-07-19 04:10:24.000 UTC,0.0,0.0,24000.0,0.0,0.0,Velodrome,2023-04-14 00:25:57.898425+00:00
404,Project,Thales,"Season 3,Season 2,Phase 0",2022-08-05 09:46:36.000 UTC,2022-08-05 09:46:36.000 UTC,0.0,0.0,1302.0,0.0,0.0,Velodrome,2023-04-14 00:25:57.898425+00:00
405,OP Foundation,OP Foundation Wallet,OP Foundation Grants,2023-03-18 12:16:01.000 UTC,2023-03-18 12:16:01.000 UTC,0.0,0.0,0.0,0.0,250000.0,Via Protocol,2023-04-14 00:25:57.898425+00:00
406,Other,Other,Other,2023-02-17 13:29:37.000 UTC,2023-02-17 13:12:42.000 UTC,10000.0,10000.0,0.0,0.0,0.0,WardenSwap,2023-04-14 00:25:57.898425+00:00
407,OP Foundation,OP Foundation Wallet,OP Foundation Grants,2022-11-26 18:31:40.000 UTC,2022-11-26 18:31:40.000 UTC,0.0,0.0,0.0,0.0,300000.0,WardenSwap,2023-04-14 00:25:57.898425+00:00
408,Deployed,WePiggy,LockDrop,2022-08-03 02:44:13.000 UTC,2022-08-03 02:44:13.000 UTC,0.0,212459.01639344302,0.0,0.0,0.0,WePiggy,2023-04-14 00:25:57.898425+00:00
409,Deployed,WePiggy,Distributor,2023-02-07 07:00:13.000 UTC,2022-08-01 07:28:55.000 UTC,0.0,206857.2677764215,0.0,0.0,0.0,WePiggy,2023-04-14 00:25:57.898425+00:00
410,Other,Other,Other,2023-04-02 15:29:35.000 UTC,2022-08-01 07:31:57.000 UTC,299651.95897635975,1720.119468605652,0.0,0.0,0.0,WePiggy,2023-04-14 00:25:57.898425+00:00
411,OP Foundation,OP Foundation Wallet,OP Foundation Grants,2023-02-09 19:52:23.000 UTC,2022-07-26 06:28:57.000 UTC,0.0,0.0,0.0,0.0,300008.46695783624,WePiggy,2023-04-14 00:25:57.898425+00:00
412,Project,WePiggy,Intermediate,2022-11-17 07:07:23.000 UTC,2022-08-03 02:19:39.000 UTC,0.0,-121035.11328926511,0.0,0.0,0.0,WePiggy,2023-04-14 00:25:57.898425+00:00
413,OP Foundation,OP Foundation Wallet,OP Foundation Grants,2022-11-24 15:01:22.000 UTC,2022-11-24 15:01:22.000 UTC,0.0,0.0,0.0,0.0,1000000.0,Yearn,2023-04-14 00:25:57.898425+00:00
414,Other,Other,Other,2023-02-08 15:25:11.000 UTC,2022-07-08 00:49:09.000 UTC,452.0,452.0,0.0,0.0,0.0,Zeroex (0x),2023-04-14 00:25:57.898425+00:00
415,OP Foundation,OP Foundation Wallet,OP Foundation Grants,2022-07-08 21:22:57.000 UTC,2022-07-08 21:22:57.000 UTC,0.0,0.0,0.0,0.0,300000.0,Zeroex (0x),2023-04-14 00:25:57.898425+00:00
416,Other,Other,Other,2022-05-31 22:04:52.000 UTC,2022-05-31 22:04:52.000 UTC,2469.3580921499392,2469.3580921499392,0.0,0.0,0.0,Zipswap,2023-04-14 00:25:57.898425+00:00
417,OP Foundation,OP Foundation Wallet,OP Foundation Grants,2023-02-09 19:49:35.000 UTC,2023-02-09 19:49:35.000 UTC,0.0,0.0,0.0,0.0,26.43032894288744,Zipswap,2023-04-14 00:25:57.898425+00:00
418,Other,dForceOP Pool,Other,2023-03-07 00:27:50.000 UTC,2022-09-30 07:14:46.000 UTC,427704.44695763267,427704.44695763267,0.0,0.0,0.0,dForce,2023-04-14 00:25:57.898425+00:00
419,Deployed,dForce,Distributor,2023-02-15 17:49:37.000 UTC,2022-11-29 07:10:54.000 UTC,0.0,128209.39904148568,0.0,0.0,0.0,dForce,2023-04-14 00:25:57.898425+00:00
420,OP Foundation,OP Foundation Wallet,OP Foundation Grants,2023-02-09 19:50:36.000 UTC,2022-09-30 07:12:01.000 UTC,0.0,0.0,0.0,0.0,300004.36205454264,dForce,2023-04-14 00:25:57.898425+00:00
421,Other,Other,Other,2023-04-10 14:12:41.000 UTC,2022-09-23 03:19:26.000 UTC,148365.80034845302,0.0,0.0,0.0,0.0,dForce,2023-04-14 00:25:57.898425+00:00
422,Project,dForce,Intermediate,2023-01-07 03:26:10.000 UTC,2023-01-07 03:26:10.000 UTC,0.0,-200.08490309001738,0.0,0.0,0.0,dForce,2023-04-14 00:25:57.898425+00:00
423,Deployed,dHedge,Distributor,2023-03-23 11:42:36.000 UTC,2023-01-18 00:37:51.000 UTC,0.0,129999.99999999999,0.0,0.0,0.0,dHedge,2023-04-14 00:25:57.898425+00:00
424,Other,Other,Other,2023-04-13 22:14:38.000 UTC,2022-06-01 01:52:22.000 UTC,249418.6151540351,109515.65871088208,0.0,0.0,0.0,dHedge,2023-04-14 00:25:57.898425+00:00
425,Deployed,dHedge,DHT/OP: Velodrome,2023-04-06 02:28:22.000 UTC,2023-02-02 04:29:59.000 UTC,0.0,26342.0,0.0,0.0,0.0,dHedge,2023-04-14 00:25:57.898425+00:00
426,OP Foundation,OP Foundation Wallet,OP Foundation Grants,2023-02-09 20:08:28.000 UTC,2022-10-21 01:42:51.000 UTC,0.0,0.0,0.0,0.0,352906.7140660299,dHedge,2023-04-14 00:25:57.898425+00:00
427,Project,Synthetix,Multisig - Distributor,2022-10-20 18:59:19.000 UTC,2022-10-20 18:59:19.000 UTC,0.0,0.0,7500.0,0.0,0.0,dHedge,2023-04-14 00:25:57.898425+00:00
428,Other,Other,Other,2023-03-25 23:04:23.000 UTC,2022-05-31 22:35:37.000 UTC,383632.3368664589,358837.24758996244,0.0,0.0,0.0,xToken,2023-04-14 00:25:57.898425+00:00
429,Deployed,xToken,Rewarder,2023-01-18 14:43:09.000 UTC,2023-01-18 14:43:09.000 UTC,0.0,24999.999999999996,0.0,0.0,0.0,xToken,2023-04-14 00:25:57.898425+00:00
430,Project,Uniswap,Phase 0,2023-01-17 22:03:10.000 UTC,2022-10-25 21:30:41.000 UTC,0.0,0.0,83333.31999999999,0.0,0.0,xToken,2023-04-14 00:25:57.898425+00:00
431,Other,xToken LP,Other,2023-01-21 00:08:00.000 UTC,2023-01-19 18:41:02.000 UTC,119.22212793537969,0.0,0.0,0.0,0.0,xToken,2023-04-14 00:25:57.898425+00:00
432,OP Foundation,OP Foundation Wallet,OP Foundation Grants,2023-02-09 20:05:25.000 UTC,2022-09-13 21:24:23.000 UTC,0.0,0.0,0.0,0.0,600007.965053664,xToken,2023-04-14 00:25:57.898425+00:00
