,counterparty_label,counterparty_name,counterparty_type,max_block_time,min_block_time,op_claimed,op_deployed,op_from_other_projects,op_to_other_projects,op_to_project,project_name,last_updated
0,Deployed,1inch,Distributor,2022-09-05 11:36:07.000 UTC,2022-09-05 11:36:07.000 UTC,0.0,300000.0,0.0,0.0,0.0,1inch,2023-04-27 00:29:03.252288+00:00
1,OP Foundation,OP Foundation Wallet,OP Foundation Grants,2022-08-15 07:58:07.000 UTC,2022-08-15 07:58:07.000 UTC,0.0,0.0,0.0,0.0,300000.0,1inch,2023-04-27 00:29:03.252288+00:00
2,Other,Other,Other,2023-04-26 12:29:17.000 UTC,2022-09-06 08:46:57.000 UTC,28159.703860391353,0.0,0.0,0.0,0.0,1inch,2023-04-27 00:29:03.252288+00:00
3,Other,Other,Aave - Liquidity Mining,2023-04-26 04:02:21.000 UTC,2022-08-04 16:35:22.000 UTC,4825694.388378059,4825694.388378059,0.0,0.0,0.0,Aave,2023-04-27 00:29:03.252288+00:00
4,Project,Other,Aave - Liquidity Mining,2023-02-28 09:32:30.000 UTC,2022-10-05 17:52:24.000 UTC,0.0,604.6917578271443,0.0,604.6917578271443,0.0,Aave,2023-04-27 00:29:03.252288+00:00
5,OP Foundation,OP Foundation Wallet,OP Foundation Grants,2022-08-03 16:35:55.000 UTC,2022-08-03 16:35:55.000 UTC,0.0,0.0,0.0,0.0,300000.0,Aave,2023-04-27 00:29:03.252288+00:00
6,Other,Other,Other,2023-04-18 17:41:29.000 UTC,2023-04-18 17:41:29.000 UTC,1.0,1.0,0.0,0.0,0.0,Across Protocol,2023-04-27 00:29:03.252288+00:00
7,OP Foundation,OP Foundation Wallet,OP Foundation Grants,2023-04-18 17:41:29.000 UTC,2023-04-18 17:41:29.000 UTC,0.0,0.0,0.0,0.0,750000.0,Across Protocol,2023-04-27 00:29:03.252288+00:00
8,Other,Other,Other,2022-09-18 02:45:15.000 UTC,2022-07-10 01:39:08.000 UTC,732067.786666667,732067.786666667,0.0,0.0,0.0,Aelin,2023-04-27 00:29:03.252288+00:00
9,Other,Aelin user,Other,2022-09-18 02:45:15.000 UTC,2022-09-18 02:45:15.000 UTC,148106.21333333335,148106.21333333335,0.0,0.0,0.0,Aelin,2023-04-27 00:29:03.252288+00:00
10,Project,Velodrome,"Season 2,Intermediate",2022-08-17 03:55:38.000 UTC,2022-07-19 11:52:43.000 UTC,0.0,19827.0,0.0,19827.0,0.0,Aelin,2023-04-27 00:29:03.252288+00:00
11,OP Foundation,OP Foundation Wallet,OP Foundation Grants,2022-07-14 03:34:07.000 UTC,2022-07-14 03:34:07.000 UTC,0.0,0.0,0.0,0.0,900000.0,Aelin,2023-04-27 00:29:03.252288+00:00
12,Other,Other,Other,2023-04-26 20:37:23.000 UTC,2022-05-31 14:39:05.000 UTC,164912922.44582084,164912922.44582084,0.0,0.0,0.0,Airdrop #1 Distributor,2023-04-27 00:29:03.252288+00:00
13,Other,xToken LP,Other,2022-05-31 17:43:15.000 UTC,2022-05-31 17:43:15.000 UTC,7477.66485246904,7477.66485246904,0.0,0.0,0.0,Airdrop #1 Distributor,2023-04-27 00:29:03.252288+00:00
14,Other,Aelin user,Other,2022-08-16 18:33:24.000 UTC,2022-08-16 18:33:24.000 UTC,7331.1651194665,7331.1651194665,0.0,0.0,0.0,Airdrop #1 Distributor,2023-04-27 00:29:03.252288+00:00
15,Deployed,Thales,Distributor,2022-06-08 21:38:03.000 UTC,2022-06-01 11:40:13.000 UTC,0.0,6905.851248523099,0.0,0.0,0.0,Airdrop #1 Distributor,2023-04-27 00:29:03.252288+00:00
16,Other,Lyra Unknown,Other,2022-05-31 23:24:22.000 UTC,2022-05-31 23:24:22.000 UTC,2469.3580921499392,2469.3580921499392,0.0,0.0,0.0,Airdrop #1 Distributor,2023-04-27 00:29:03.252288+00:00
17,Other,Other,Other,2023-04-21 08:44:45.000 UTC,2023-01-20 12:49:04.000 UTC,35937.024736997526,33872.51423403618,0.0,0.0,0.0,Alchemix,2023-04-27 00:29:03.252288+00:00
18,Deployed,Alchemix,alETH/WETH: Velodrome,2023-04-21 08:44:45.000 UTC,2023-01-08 01:17:36.000 UTC,0.0,23500.0,0.0,0.0,0.0,Alchemix,2023-04-27 00:29:03.252288+00:00
19,OP Foundation,OP Foundation Wallet,OP Foundation Grants,2023-01-08 01:17:36.000 UTC,2023-01-08 01:17:36.000 UTC,0.0,0.0,0.0,0.0,250000.0,Alchemix,2023-04-27 00:29:03.252288+00:00
20,Project,Velodrome,Intermediate Disperser,2023-04-13 19:53:19.000 UTC,2022-08-18 14:53:05.000 UTC,0.0,0.0,30442.260611799997,0.0,0.0,Alchemix,2023-04-27 00:29:03.252288+00:00
21,Project,Alchemix,Season 2,2023-04-21 08:44:45.000 UTC,2023-01-13 05:11:28.000 UTC,0.0,-26403.597943632754,0.0,0.0,0.0,Alchemix,2023-04-27 00:29:03.252288+00:00
22,Other,Other,Other,2023-04-24 04:19:19.000 UTC,2022-08-22 06:24:37.000 UTC,42290.17547448876,39009.999328000005,0.0,0.0,0.0,Angle,2023-04-27 00:29:03.252288+00:00
23,Deployed,Angle,OP/agEUR: Velodrome,2023-03-06 11:10:16.000 UTC,2023-02-20 12:07:35.000 UTC,0.0,3400.0,0.0,0.0,0.0,Angle,2023-04-27 00:29:03.252288+00:00
24,Other,1inch Swap,Other,2023-04-26 10:17:37.000 UTC,2023-02-10 10:37:21.000 UTC,515.0,515.0,0.0,0.0,0.0,Angle,2023-04-27 00:29:03.252288+00:00
25,Project,Velodrome,Intermediate Disperser,2022-09-29 16:29:25.000 UTC,2022-07-28 19:09:57.000 UTC,0.0,0.0,17686.115516500002,0.0,0.0,Angle,2023-04-27 00:29:03.252288+00:00
26,OP Foundation,OP Foundation Wallet,OP Foundation Grants,2023-02-09 19:02:41.000 UTC,2022-11-28 08:45:44.000 UTC,0.0,0.0,0.0,0.0,250975.89612553475,Angle,2023-04-27 00:29:03.252288+00:00
27,Project,Angle,Intermediate,2023-03-14 13:55:15.000 UTC,2023-02-28 10:14:07.000 UTC,0.0,-1133.4831332244817,0.0,0.0,0.0,Angle,2023-04-27 00:29:03.252288+00:00
28,Other,Other,Other,2023-04-20 13:13:34.000 UTC,2023-04-20 13:13:34.000 UTC,2.0,2.0,0.0,0.0,0.0,Another World,2023-04-27 00:29:03.252288+00:00
29,OP Foundation,OP Foundation Wallet,OP Foundation Grants,2023-02-02 23:58:38.000 UTC,2023-02-02 23:58:38.000 UTC,0.0,0.0,0.0,0.0,3000.0,Another World,2023-04-27 00:29:03.252288+00:00
30,Other,Other,Other,2023-04-26 20:33:08.000 UTC,2022-10-25 13:01:54.000 UTC,122424.60166650976,29863.406666666666,0.0,0.0,0.0,Arrakis Finance,2023-04-27 00:29:03.252288+00:00
31,Deployed,Arrakis Finance,Partner Fund,2023-02-03 20:24:52.000 UTC,2022-10-26 10:30:04.000 UTC,0.0,11806.653333333334,0.0,0.0,0.0,Arrakis Finance,2023-04-27 00:29:03.252288+00:00
32,Project,Uniswap,Phase 0,2023-01-17 22:03:40.000 UTC,2022-10-26 13:08:02.000 UTC,0.0,0.0,41666.659999999996,0.0,0.0,Arrakis Finance,2023-04-27 00:29:03.252288+00:00
33,Other,Other,Other,2023-04-20 21:42:24.000 UTC,2023-04-20 21:38:05.000 UTC,44342.3,44342.3,0.0,0.0,0.0,Attestation Station Interface,2023-04-27 00:29:03.252288+00:00
34,OP Foundation,OP Foundation Sentry Wallet,OP Foundation Grants,2023-04-20 21:35:49.000 UTC,2023-04-20 21:35:49.000 UTC,0.0,0.0,0.0,0.0,44342.299999999996,Attestation Station Interface,2023-04-27 00:29:03.252288+00:00
35,Other,Other,Other,2023-04-20 19:45:58.000 UTC,2022-10-20 17:08:57.000 UTC,91066.79,91066.79,0.0,0.0,0.0,Bankless Academy,2023-04-27 00:29:03.252288+00:00
36,OP Foundation,OP Foundation Wallet,OP Foundation Grants,2022-10-20 10:16:39.000 UTC,2022-10-20 10:16:39.000 UTC,0.0,0.0,0.0,0.0,33000.0,Bankless Academy,2023-04-27 00:29:03.252288+00:00
37,OP Foundation,OP Foundation Sentry Wallet,OP Foundation Grants,2023-04-20 19:37:54.000 UTC,2023-04-20 19:37:54.000 UTC,0.0,0.0,0.0,0.0,58066.79,Bankless Academy,2023-04-27 00:29:03.252288+00:00
38,Other,Other,Other,2023-04-26 18:58:00.000 UTC,2022-09-13 16:38:10.000 UTC,347893.62979154766,131616.0,0.0,0.0,0.0,Beefy Finance,2023-04-27 00:29:03.252288+00:00
39,Deployed,Beefy Finance,BIFI/WETH: Velodrome,2023-04-24 15:06:31.000 UTC,2022-10-07 08:45:18.000 UTC,0.0,83875.0,0.0,0.0,0.0,Beefy Finance,2023-04-27 00:29:03.252288+00:00
40,Deployed,Beefy Finance,Beefy Launchpool,2022-12-19 12:31:28.000 UTC,2022-10-25 17:14:55.000 UTC,0.0,44999.0,0.0,0.0,0.0,Beefy Finance,2023-04-27 00:29:03.252288+00:00
41,Deployed,Beefy Finance,BIFI/OP: Velodrome,2023-04-24 15:05:16.000 UTC,2022-09-13 16:46:50.000 UTC,0.0,44000.0,0.0,0.0,0.0,Beefy Finance,2023-04-27 00:29:03.252288+00:00
42,Other,1inch Swap,Other,2023-03-27 20:38:41.000 UTC,2023-01-30 22:42:23.000 UTC,13465.0,13465.0,0.0,0.0,0.0,Beefy Finance,2023-04-27 00:29:03.252288+00:00
43,Other,xToken LP ,Other,2023-03-02 17:58:25.000 UTC,2023-03-02 17:58:25.000 UTC,6.672569447080187,6.672569447080187,0.0,0.0,0.0,Beefy Finance,2023-04-27 00:29:03.252288+00:00
44,Project,Lido,Intermediate Wallet,2023-04-07 09:44:41.000 UTC,2023-04-07 09:44:41.000 UTC,0.0,0.0,4000.0,0.0,0.0,Beefy Finance,2023-04-27 00:29:03.252288+00:00
45,OP Foundation,OP Foundation Wallet,OP Foundation Grants,2023-02-09 19:32:57.000 UTC,2022-09-12 21:18:28.000 UTC,0.0,0.0,0.0,0.0,650006.6725694471,Beefy Finance,2023-04-27 00:29:03.252288+00:00
46,Project,Stargate Finance,Phase 0,2023-03-15 17:32:54.000 UTC,2023-03-15 17:32:54.000 UTC,0.0,0.0,75000.0,0.0,0.0,Beefy Finance,2023-04-27 00:29:03.252288+00:00
47,Deployed,Beethoven X,Pool,2023-01-05 21:54:07.000 UTC,2022-09-29 17:01:37.000 UTC,0.0,119647.51,0.0,0.0,0.0,Beethoven X,2023-04-27 00:29:03.252288+00:00
48,Other,Other,Other,2023-04-22 00:13:25.000 UTC,2022-08-19 22:07:10.000 UTC,211516.37999999992,64664.130000000005,0.0,0.0,0.0,Beethoven X,2023-04-27 00:29:03.252288+00:00
49,Deployed,Beethoven X,Distributor,2023-01-05 21:54:07.000 UTC,2022-11-24 17:30:49.000 UTC,0.0,27204.739999999998,0.0,0.0,0.0,Beethoven X,2023-04-27 00:29:03.252288+00:00
50,Deployed,Overnight,BPT-USD+: Beethoven X,2023-03-17 15:16:32.000 UTC,2022-12-22 19:59:52.000 UTC,0.0,20418.579999999998,0.0,0.0,0.0,Beethoven X,2023-04-27 00:29:03.252288+00:00
51,Deployed,Rocket Pool,WETH/rETH: Beethoven X,2023-01-12 21:51:10.000 UTC,2022-12-22 19:59:52.000 UTC,0.0,2272.63,0.0,0.0,0.0,Beethoven X,2023-04-27 00:29:03.252288+00:00
52,Project,Overnight,Season 2,2023-03-03 13:38:51.000 UTC,2023-03-03 13:38:51.000 UTC,0.0,1300.0,0.0,1300.0,0.0,Beethoven X,2023-04-27 00:29:03.252288+00:00
53,Project,QiDao,Season 1,2023-01-12 21:51:10.000 UTC,2023-01-12 21:51:10.000 UTC,0.0,900.0,0.0,900.0,0.0,Beethoven X,2023-04-27 00:29:03.252288+00:00
54,Project,QiDao,Season 1,2022-12-21 22:26:14.000 UTC,2022-09-29 17:54:56.000 UTC,0.0,0.0,29092.0,0.0,0.0,Beethoven X,2023-04-27 00:29:03.252288+00:00
55,Project,Overnight,Season 2,2023-04-06 15:20:56.000 UTC,2023-01-17 08:52:43.000 UTC,0.0,0.0,23500.000000000033,0.0,0.0,Beethoven X,2023-04-27 00:29:03.252288+00:00
56,Project,Lido,Intermediate Wallet,2023-04-07 09:44:41.000 UTC,2023-04-07 09:44:41.000 UTC,0.0,0.0,6000.0,0.0,0.0,Beethoven X,2023-04-27 00:29:03.252288+00:00
57,OP Foundation,OP Foundation Wallet,OP Foundation Grants,2022-08-09 13:31:33.000 UTC,2022-08-09 13:31:33.000 UTC,0.0,0.0,0.0,0.0,500000.0,Beethoven X,2023-04-27 00:29:03.252288+00:00
58,OP Foundation,OP Foundation Wallet,OP Foundation Grants,2022-09-02 08:44:30.000 UTC,2022-09-02 08:44:30.000 UTC,0.0,0.0,0.0,0.0,750000.0,Biconomy,2023-04-27 00:29:03.252288+00:00
59,Other,Other,Other,2022-11-11 13:50:17.000 UTC,2022-11-01 16:14:31.000 UTC,92000.0,92000.0,0.0,0.0,0.0,Boardroom,2023-04-27 00:29:03.252288+00:00
60,OP Foundation,OP Foundation Wallet,OP Foundation Grants,2022-08-26 17:27:27.000 UTC,2022-08-26 17:27:27.000 UTC,0.0,0.0,0.0,0.0,99999.99999999999,Boardroom,2023-04-27 00:29:03.252288+00:00
61,Other,Other,Other,2023-04-23 20:30:16.000 UTC,2022-08-16 10:17:15.000 UTC,52824.6,52824.6,0.0,0.0,0.0,Candide Wallet,2023-04-27 00:29:03.252288+00:00
62,OP Foundation,OP Foundation Wallet,OP Foundation Grants,2022-08-09 12:31:03.000 UTC,2022-08-09 12:28:28.000 UTC,0.0,0.0,0.0,0.0,190000.0,Candide Wallet,2023-04-27 00:29:03.252288+00:00
63,Deployed,Celer,"Liquidity Mining Distributor,Distributor",2023-03-23 12:49:18.000 UTC,2022-08-11 13:37:11.000 UTC,0.0,190001.0,0.0,0.0,0.0,Celer,2023-04-27 00:29:03.252288+00:00
64,Deployed,Celer,Incentive Events Reward,2023-03-27 11:36:40.000 UTC,2022-11-15 02:36:57.000 UTC,0.0,20000.0,0.0,0.0,0.0,Celer,2023-04-27 00:29:03.252288+00:00
65,Other,Other,Other,2023-04-26 21:08:58.000 UTC,2022-08-13 02:54:01.000 UTC,188121.20038505804,0.0,0.0,0.0,0.0,Celer,2023-04-27 00:29:03.252288+00:00
66,OP Foundation,OP Foundation Wallet,OP Foundation Grants,2022-08-04 06:56:59.000 UTC,2022-08-04 06:56:59.000 UTC,0.0,0.0,0.0,0.0,1000000.0,Celer,2023-04-27 00:29:03.252288+00:00
67,OP Foundation,OP Foundation Wallet,OP Foundation Grants,2022-08-03 16:35:25.000 UTC,2022-08-03 16:35:25.000 UTC,0.0,0.0,0.0,0.0,1000000.0,Chainlink,2023-04-27 00:29:03.252288+00:00
68,Deployed,Clipper,Distributor,2023-01-21 10:24:24.000 UTC,2023-01-21 10:24:24.000 UTC,0.0,148585.0,0.0,0.0,0.0,Clipper,2023-04-27 00:29:03.252288+00:00
69,Other,Other,Other,2023-04-26 04:21:10.000 UTC,2022-07-07 22:12:38.000 UTC,155799.0,29349.0,0.0,0.0,0.0,Clipper,2023-04-27 00:29:03.252288+00:00
70,Other,xToken LP,Other,2023-01-25 14:11:08.000 UTC,2023-01-25 14:11:08.000 UTC,5.0,0.0,0.0,0.0,0.0,Clipper,2023-04-27 00:29:03.252288+00:00
71,OP Foundation,OP Foundation Wallet,OP Foundation Grants,2022-07-08 21:22:57.000 UTC,2022-07-08 21:22:57.000 UTC,0.0,0.0,0.0,0.0,300000.0,Clipper,2023-04-27 00:29:03.252288+00:00
72,Other,Other,Other,2023-04-26 19:12:33.000 UTC,2023-04-10 20:47:12.000 UTC,375.0,375.0,0.0,0.0,0.0,Crypto LDFM,2023-04-27 00:29:03.252288+00:00
73,OP Foundation,OP Foundation Wallet,OP Foundation Grants,2023-04-06 22:05:05.000 UTC,2023-04-06 22:05:05.000 UTC,0.0,0.0,0.0,0.0,4000.0,Crypto LDFM,2023-04-27 00:29:03.252288+00:00
74,Other,Other,Other,2022-12-19 09:43:27.000 UTC,2022-12-19 09:43:27.000 UTC,4987.0,4987.0,0.0,0.0,0.0,CryptoTesters,2023-04-27 00:29:03.252288+00:00
75,OP Foundation,OP Foundation Wallet,OP Foundation Grants,2022-12-15 22:36:40.000 UTC,2022-12-15 22:36:40.000 UTC,0.0,0.0,0.0,0.0,4652.0,CryptoTesters,2023-04-27 00:29:03.252288+00:00
76,OP Foundation,OP Foundation Wallet,OP Foundation Grants,2023-02-09 19:52:23.000 UTC,2023-02-09 19:52:23.000 UTC,0.0,0.0,0.0,0.0,7.825881577376167,DeNotify,2023-04-27 00:29:03.252288+00:00
77,Other,Other,Other,2023-01-31 16:08:07.000 UTC,2023-01-19 11:42:35.000 UTC,25973.84285171413,25973.84285171413,0.0,0.0,0.0,DefiEdge,2023-04-27 00:29:03.252288+00:00
78,Other,1inch Swap,Other,2023-02-24 07:30:27.000 UTC,2023-02-24 07:14:57.000 UTC,387.58787711973537,387.58787711973537,0.0,0.0,0.0,DefiEdge,2023-04-27 00:29:03.252288+00:00
79,OP Foundation,OP Foundation Wallet,OP Foundation Grants,2023-02-09 19:43:24.000 UTC,2023-02-09 19:43:24.000 UTC,0.0,0.0,0.0,0.0,4.1843535627035795,DefiEdge,2023-04-27 00:29:03.252288+00:00
80,Project,Uniswap,Phase 0,2023-01-18 14:26:24.000 UTC,2023-01-18 05:00:01.000 UTC,0.0,0.0,25000.0,0.0,0.0,DefiEdge,2023-04-27 00:29:03.252288+00:00
81,Other,Other,Other,2023-04-14 02:00:44.000 UTC,2023-01-01 18:22:59.000 UTC,115176.0,115176.0,0.0,0.0,0.0,DefiLlama,2023-04-27 00:29:03.252288+00:00
82,OP Foundation,OP Foundation Wallet,OP Foundation Grants,2022-12-26 20:23:15.000 UTC,2022-12-26 20:23:15.000 UTC,0.0,0.0,0.0,0.0,300000.0,DefiLlama,2023-04-27 00:29:03.252288+00:00
83,Other,Other,Other,2023-04-26 04:41:38.000 UTC,2023-02-16 06:14:45.000 UTC,32682.3,32682.3,0.0,0.0,0.0,Dope Wars,2023-04-27 00:29:03.252288+00:00
84,OP Foundation,OP Foundation Wallet,OP Foundation Grants,2022-11-17 08:16:13.000 UTC,2022-11-17 08:16:13.000 UTC,0.0,0.0,0.0,0.0,300000.0,Dope Wars,2023-04-27 00:29:03.252288+00:00
85,Other,Other,Other,2023-04-17 21:06:52.000 UTC,2023-01-01 21:20:05.000 UTC,36925.0,36925.0,0.0,0.0,0.0,EthernautDAO,2023-04-27 00:29:03.252288+00:00
86,OP Foundation,OP Foundation Wallet,OP Foundation Grants,2022-11-29 14:03:58.000 UTC,2022-11-29 14:03:58.000 UTC,0.0,0.0,0.0,0.0,120000.0,EthernautDAO,2023-04-27 00:29:03.252288+00:00
87,Deployed,Exactly,Distributor Multisig,2023-04-17 12:44:12.000 UTC,2023-04-03 12:14:35.000 UTC,0.0,99999.99999999999,0.0,0.0,0.0,Exactly,2023-04-27 00:29:03.252288+00:00
88,OP Foundation,OP Foundation Wallet,OP Foundation Grants,2023-03-10 04:26:29.000 UTC,2023-03-10 04:26:29.000 UTC,0.0,0.0,0.0,0.0,99999.99999999999,Exactly,2023-04-27 00:29:03.252288+00:00
89,Other,Aelin user,Other,2023-04-12 21:39:09.000 UTC,2023-04-12 21:39:09.000 UTC,25.604753687998336,0.0,0.0,0.0,0.0,Exactly,2023-04-27 00:29:03.252288+00:00
90,Other,Other,Other,2023-04-26 18:22:38.000 UTC,2023-04-03 14:26:20.000 UTC,55294.30775393055,0.0,0.0,0.0,0.0,Exactly,2023-04-27 00:29:03.252288+00:00
91,Other,xToken LP,Other,2023-04-11 01:38:38.000 UTC,2023-03-22 19:22:13.000 UTC,177.4099662822303,0.0,0.0,0.0,0.0,Gamma,2023-04-27 00:29:03.252288+00:00
92,Other,Other,Other,2023-04-26 20:54:26.000 UTC,2023-03-14 22:10:38.000 UTC,89094.51547490523,0.0,0.0,0.0,0.0,Gamma,2023-04-27 00:29:03.252288+00:00
93,Other,xToken LP ,Other,2022-12-07 12:23:13.000 UTC,2022-12-07 12:23:13.000 UTC,48036.998581835775,48036.998581835775,0.0,0.0,0.0,Gelato,2023-04-27 00:29:03.252288+00:00
94,Other,Other,Other,2023-01-17 13:51:57.000 UTC,2022-07-08 07:32:26.000 UTC,6926.088697260384,6926.088697260384,0.0,0.0,0.0,Gelato,2023-04-27 00:29:03.252288+00:00
95,OP Foundation,OP Foundation Wallet,OP Foundation Grants,2022-07-08 21:22:57.000 UTC,2022-07-08 21:22:57.000 UTC,0.0,0.0,0.0,0.0,300000.0,Gelato,2023-04-27 00:29:03.252288+00:00
96,Other,Other,Other,2023-02-07 23:19:15.000 UTC,2023-01-26 00:41:26.000 UTC,21001.0,21001.0,0.0,0.0,0.0,Geo Web,2023-04-27 00:29:03.252288+00:00
97,OP Foundation,OP Foundation Wallet,OP Foundation Grants,2023-01-20 18:42:08.000 UTC,2023-01-20 18:42:08.000 UTC,0.0,0.0,0.0,0.0,20000.0,Geo Web,2023-04-27 00:29:03.252288+00:00
98,Other,Other,Other,2023-04-25 06:45:05.000 UTC,2023-04-25 06:45:05.000 UTC,129814.43,129814.43,0.0,0.0,0.0,Giveth,2023-04-27 00:29:03.252288+00:00
99,OP Foundation,OP Foundation Sentry Wallet,OP Foundation Grants,2023-04-25 06:45:05.000 UTC,2023-04-25 06:45:05.000 UTC,0.0,0.0,0.0,0.0,129814.43,Giveth,2023-04-27 00:29:03.252288+00:00
100,OP Foundation,OP Foundation Wallet,OP Foundation Grants,2023-04-26 18:53:25.000 UTC,2023-04-26 18:53:25.000 UTC,0.0,0.0,0.0,0.0,500000.0,Gnosis Safe,2023-04-27 00:29:03.252288+00:00
101,Deployed,Hop Protocol,Distributor,2023-04-10 18:16:12.000 UTC,2022-10-05 03:38:02.000 UTC,0.0,174149.3103595078,0.0,0.0,0.0,Hop Protocol,2023-04-27 00:29:03.252288+00:00
102,OP Foundation,OP Foundation Wallet,OP Foundation Grants,2022-10-03 02:22:28.000 UTC,2022-10-03 02:22:28.000 UTC,0.0,0.0,0.0,0.0,1000000.0,Hop Protocol,2023-04-27 00:29:03.252288+00:00
103,Other,Other,Other,2023-04-26 20:53:11.000 UTC,2022-10-05 04:43:14.000 UTC,80020.61753810283,0.0,0.0,0.0,0.0,Hop Protocol,2023-04-27 00:29:03.252288+00:00
104,Project,Velodrome,Intermediate Disperser,2022-08-04 17:38:45.000 UTC,2022-08-04 17:38:45.000 UTC,0.0,0.0,552.193,0.0,0.0,Hop Protocol,2023-04-27 00:29:03.252288+00:00
105,Deployed,Hundred Finance,pool,2023-01-18 13:44:33.000 UTC,2022-11-28 12:22:16.000 UTC,0.0,84687.5,0.0,0.0,0.0,Hundred Finance,2023-04-27 00:29:03.252288+00:00
106,Deployed,Hundred Finance,Token Treasury,2023-03-23 09:03:20.000 UTC,2023-01-11 13:14:49.000 UTC,0.0,72010.0,0.0,0.0,0.0,Hundred Finance,2023-04-27 00:29:03.252288+00:00
107,Other,Other,Other,2023-04-26 16:03:04.000 UTC,2022-11-28 12:22:16.000 UTC,142027.3251715254,10625.0,0.0,0.0,0.0,Hundred Finance,2023-04-27 00:29:03.252288+00:00
108,Other,xToken LP,Other,2022-12-16 20:09:40.000 UTC,2022-11-30 00:50:01.000 UTC,236.66196500528167,0.0,0.0,0.0,0.0,Hundred Finance,2023-04-27 00:29:03.252288+00:00
109,OP Foundation,OP Foundation Wallet,OP Foundation Grants,2022-08-26 08:28:32.000 UTC,2022-08-26 08:28:32.000 UTC,0.0,0.0,0.0,0.0,300000.0,Hundred Finance,2023-04-27 00:29:03.252288+00:00
110,Project,Hundred Finance,Season 1,2023-04-18 08:41:52.000 UTC,2023-04-18 08:41:52.000 UTC,0.0,-6000.0,0.0,0.0,0.0,Hundred Finance,2023-04-27 00:29:03.252288+00:00
111,OP Foundation,OP Foundation Wallet,OP Foundation Grants,2023-04-19 10:49:58.000 UTC,2023-04-19 10:49:58.000 UTC,0.0,0.0,0.0,0.0,99999.99999999999,InsureDAO,2023-04-27 00:29:03.252288+00:00
112,Other,Other,Other,2022-12-09 22:19:41.000 UTC,2022-12-09 22:19:41.000 UTC,14630.0,14630.0,0.0,0.0,0.0,Interest Protocol,2023-04-27 00:29:03.252288+00:00
113,OP Foundation,OP Foundation Wallet,OP Foundation Grants,2023-03-17 15:34:19.000 UTC,2022-12-06 19:56:05.000 UTC,0.0,0.0,0.0,0.0,21630.0,Interest Protocol,2023-04-27 00:29:03.252288+00:00
114,OP Foundation,OP Foundation Sentry Wallet,OP Foundation Grants,2023-04-19 18:48:39.000 UTC,2023-04-19 18:48:39.000 UTC,0.0,0.0,0.0,0.0,7000.0,Interest Protocol,2023-04-27 00:29:03.252288+00:00
115,Other,Other,Other,2023-04-21 04:04:48.000 UTC,2023-04-21 04:04:48.000 UTC,18994.87,18994.87,0.0,0.0,0.0,JiffyScan,2023-04-27 00:29:03.252288+00:00
116,OP Foundation,OP Foundation Sentry Wallet,OP Foundation Grants,2023-04-21 04:03:18.000 UTC,2023-04-21 04:03:18.000 UTC,0.0,0.0,0.0,0.0,18994.87,JiffyScan,2023-04-27 00:29:03.252288+00:00
117,Deployed,Karma,Karma - Grant,2023-02-13 02:23:59.000 UTC,2023-02-13 02:20:28.000 UTC,0.0,23055.926025839133,0.0,0.0,0.0,Karma,2023-04-27 00:29:03.252288+00:00
118,Other,Other,Other,2023-04-19 16:38:58.000 UTC,2022-12-15 07:01:35.000 UTC,2500.92,2500.0,0.0,0.0,0.0,Karma,2023-04-27 00:29:03.252288+00:00
119,OP Foundation,OP Foundation Wallet,OP Foundation Grants,2022-12-15 06:59:05.000 UTC,2022-12-15 06:59:05.000 UTC,0.0,0.0,0.0,0.0,24999.999999999996,Karma,2023-04-27 00:29:03.252288+00:00
120,OP Foundation,OP Foundation Wallet,OP Foundation Grants,2022-11-06 17:07:30.000 UTC,2022-11-06 17:07:30.000 UTC,0.0,0.0,0.0,0.0,300000.0,Kromatika,2023-04-27 00:29:03.252288+00:00
121,Deployed,Kwenta,Distributor,2023-04-25 11:57:30.000 UTC,2022-08-15 19:31:21.000 UTC,0.0,911570.0,0.0,0.0,0.0,Kwenta,2023-04-27 00:29:03.252288+00:00
122,Other,Other,Other,2023-04-25 22:28:49.000 UTC,2022-07-11 22:11:36.000 UTC,293663.60422019684,1.0,0.0,0.0,0.0,Kwenta,2023-04-27 00:29:03.252288+00:00
123,OP Foundation,OP Foundation Wallet,OP Foundation Grants,2022-07-15 14:58:43.000 UTC,2022-07-15 14:58:43.000 UTC,0.0,0.0,0.0,0.0,900000.0,Kwenta,2023-04-27 00:29:03.252288+00:00
124,Project,Polynomial Protocol,Phase 0,2022-08-15 07:49:57.000 UTC,2022-08-15 07:49:57.000 UTC,0.0,0.0,11570.0,0.0,0.0,Kwenta,2023-04-27 00:29:03.252288+00:00
125,Other,Other,Other,2023-04-12 11:43:44.000 UTC,2022-11-20 07:09:11.000 UTC,51500.0,51500.0,0.0,0.0,0.0,"KyberSwap,QiDao",2023-04-27 00:29:03.252288+00:00
126,Project,Lido,Intermediate Wallet,2023-04-07 09:44:41.000 UTC,2023-04-07 09:44:41.000 UTC,0.0,0.0,12000.0,0.0,0.0,"KyberSwap,QiDao",2023-04-27 00:29:03.252288+00:00
127,Project,QiDao,Season 1,2022-11-18 19:07:13.000 UTC,2022-11-18 19:07:13.000 UTC,0.0,0.0,32000.0,0.0,0.0,"KyberSwap,QiDao",2023-04-27 00:29:03.252288+00:00
128,OP Foundation,OP Foundation Wallet,OP Foundation Grants,2023-04-06 16:32:00.000 UTC,2023-04-06 16:32:00.000 UTC,0.0,0.0,0.0,0.0,99999.99999999999,"KyberSwap,QiDao",2023-04-27 00:29:03.252288+00:00
129,Other,Other,Other,2023-04-13 15:59:57.000 UTC,2022-06-01 04:16:52.000 UTC,302327.42523826874,283708.76918028184,0.0,0.0,0.0,Layer2dao,2023-04-27 00:29:03.252288+00:00
130,Other,1inch Swap,Other,2022-08-17 21:38:27.000 UTC,2022-08-17 21:24:55.000 UTC,281957.4327444706,281957.4327444706,0.0,0.0,0.0,Layer2dao,2023-04-27 00:29:03.252288+00:00
131,Other,xToken LP ,Other,2022-10-23 00:11:50.000 UTC,2022-09-12 18:56:14.000 UTC,41920.357390288336,41920.357390288336,0.0,0.0,0.0,Layer2dao,2023-04-27 00:29:03.252288+00:00
132,Project,Socket,Season 2,2022-11-30 16:44:26.000 UTC,2022-11-30 16:44:26.000 UTC,0.0,27500.0,0.0,27500.0,0.0,Layer2dao,2023-04-27 00:29:03.252288+00:00
133,Project,Thales,"Season 2,Phase 0,Season 3",2022-09-06 19:17:37.000 UTC,2022-09-06 19:17:37.000 UTC,0.0,27500.0,0.0,27500.0,0.0,Layer2dao,2023-04-27 00:29:03.252288+00:00
134,Project,Velodrome,"Season 2,Intermediate",2022-08-15 06:37:33.000 UTC,2022-07-19 04:10:24.000 UTC,0.0,24000.0,0.0,24000.0,0.0,Layer2dao,2023-04-27 00:29:03.252288+00:00
135,Deployed,Layer2dao,L2DAO/OP: Velodrome,2022-09-11 19:55:47.000 UTC,2022-08-22 20:52:41.000 UTC,0.0,14000.0,0.0,0.0,0.0,Layer2dao,2023-04-27 00:29:03.252288+00:00
136,Project,Velodrome,Intermediate Disperser,2022-08-18 18:10:47.000 UTC,2022-07-28 17:23:14.000 UTC,0.0,0.0,1557.3300000000002,0.0,0.0,Layer2dao,2023-04-27 00:29:03.252288+00:00
137,OP Foundation,OP Foundation Wallet,OP Foundation Grants,2023-02-09 19:03:11.000 UTC,2022-07-08 21:22:57.000 UTC,0.0,0.0,0.0,0.0,300673.80835120054,Layer2dao,2023-04-27 00:29:03.252288+00:00
138,Project,Layer2dao,Phase 0,2022-09-15 05:19:06.000 UTC,2022-08-29 03:57:48.000 UTC,0.0,-870.5601645156783,0.0,0.0,0.0,Layer2dao,2023-04-27 00:29:03.252288+00:00
139,Other,Other,Other,2023-04-04 15:46:33.000 UTC,2022-12-29 20:02:39.000 UTC,41002.0,41002.0,0.0,0.0,0.0,LiFi,2023-04-27 00:29:03.252288+00:00
140,Project,Polynomial Protocol,Phase 0,2022-08-15 07:49:57.000 UTC,2022-08-15 07:49:57.000 UTC,0.0,0.0,11570.0,0.0,0.0,LiFi,2023-04-27 00:29:03.252288+00:00
141,OP Foundation,OP Foundation Wallet,OP Foundation Grants,2022-11-30 20:32:11.000 UTC,2022-11-30 20:32:11.000 UTC,0.0,0.0,0.0,0.0,99999.99999999999,LiFi,2023-04-27 00:29:03.252288+00:00
142,Other,Other,Other,2023-04-25 22:56:23.000 UTC,2023-04-07 09:44:41.000 UTC,27875.0,27875.0,0.0,0.0,0.0,Lido,2023-04-27 00:29:03.252288+00:00
143,Project,"KyberSwap,QiDao","Season 3,Intermediate",2023-04-07 09:44:41.000 UTC,2023-04-07 09:44:41.000 UTC,0.0,12000.0,0.0,12000.0,0.0,Lido,2023-04-27 00:29:03.252288+00:00
144,Project,Beethoven X,Season 1,2023-04-07 09:44:41.000 UTC,2023-04-07 09:44:41.000 UTC,0.0,6000.0,0.0,6000.0,0.0,Lido,2023-04-27 00:29:03.252288+00:00
145,Project,Beefy Finance,Season 1,2023-04-07 09:44:41.000 UTC,2023-04-07 09:44:41.000 UTC,0.0,4000.0,0.0,4000.0,0.0,Lido,2023-04-27 00:29:03.252288+00:00
146,Project,QiDao,Season 1,2023-04-07 09:44:41.000 UTC,2023-04-07 09:44:41.000 UTC,0.0,3000.0,0.0,3000.0,0.0,Lido,2023-04-27 00:29:03.252288+00:00
147,Project,"QiDao,KyberSwap","Intermediate,Season 3",2023-04-26 17:27:35.000 UTC,2023-04-26 17:27:35.000 UTC,0.0,0.0,12000.0,0.0,0.0,Lido,2023-04-27 00:29:03.252288+00:00
148,OP Foundation,OP Foundation Wallet,OP Foundation Grants,2023-03-03 17:51:51.000 UTC,2023-03-03 17:51:51.000 UTC,0.0,0.0,0.0,0.0,1000000.0,Lido,2023-04-27 00:29:03.252288+00:00
149,Deployed,Lyra,Distributor,2023-04-12 04:47:24.000 UTC,2022-08-17 00:59:25.000 UTC,0.0,1204656.419354458,0.0,0.0,0.0,Lyra,2023-04-27 00:29:03.252288+00:00
150,Other,Lyra Unknown,Other,2023-02-28 00:05:31.000 UTC,2023-01-11 03:26:05.000 UTC,168900.0,168900.0,0.0,0.0,0.0,Lyra,2023-04-27 00:29:03.252288+00:00
151,Other,Other,Other,2023-04-26 21:08:43.000 UTC,2022-07-10 04:47:32.000 UTC,1097473.8330900043,141163.17661748827,0.0,0.0,0.0,Lyra,2023-04-27 00:29:03.252288+00:00
152,Project,Polynomial Protocol,Phase 0,2022-11-06 14:02:37.000 UTC,2022-11-06 14:02:37.000 UTC,0.0,36000.0,0.0,36000.0,0.0,Lyra,2023-04-27 00:29:03.252288+00:00
153,Project,Synthetix,Multisig - Maybe Grants,2023-01-11 03:04:49.000 UTC,2023-01-11 03:04:49.000 UTC,0.0,0.0,149600.0,0.0,0.0,Lyra,2023-04-27 00:29:03.252288+00:00
154,OP Foundation,OP Foundation Wallet,OP Foundation Grants,2022-07-20 02:42:01.000 UTC,2022-07-20 02:42:01.000 UTC,0.0,0.0,0.0,0.0,3000000.0,Lyra,2023-04-27 00:29:03.252288+00:00
155,Other,Aelin user,Other,2023-02-05 22:55:43.000 UTC,2022-08-29 21:03:23.000 UTC,1135.3621721261325,0.0,0.0,0.0,0.0,Lyra,2023-04-27 00:29:03.252288+00:00
156,Project,Polynomial Protocol,Phase 0,2022-08-15 07:49:57.000 UTC,2022-08-03 06:59:10.000 UTC,0.0,0.0,83570.0,0.0,0.0,Lyra,2023-04-27 00:29:03.252288+00:00
157,Project,Velodrome,Intermediate Disperser,2022-07-28 19:09:57.000 UTC,2022-07-28 19:09:57.000 UTC,0.0,0.0,5305.409,0.0,0.0,Lyra,2023-04-27 00:29:03.252288+00:00
158,Project,Synthetix,Phase 0,2023-02-24 09:02:42.000 UTC,2023-02-24 09:02:42.000 UTC,0.0,0.0,19300.0,0.0,0.0,Lyra,2023-04-27 00:29:03.252288+00:00
159,Other,Other,Other,2023-03-31 19:29:34.000 UTC,2022-07-25 17:50:09.000 UTC,19545.02853434353,19545.02853434353,0.0,0.0,0.0,Mean Finance,2023-04-27 00:29:03.252288+00:00
160,OP Foundation,OP Foundation Wallet,OP Foundation Grants,2022-10-19 17:18:22.000 UTC,2022-10-19 17:18:22.000 UTC,0.0,0.0,0.0,0.0,300000.0,Mean Finance,2023-04-27 00:29:03.252288+00:00
161,Other,Other,Other,2023-04-21 20:29:06.000 UTC,2023-03-21 14:30:59.000 UTC,17241.380281705002,17241.380281705002,0.0,0.0,0.0,Mochi,2023-04-27 00:29:03.252288+00:00
162,OP Foundation,OP Foundation Wallet,OP Foundation Grants,2023-01-02 15:47:47.000 UTC,2023-01-02 15:47:47.000 UTC,0.0,0.0,0.0,0.0,99999.99999999999,Mochi,2023-04-27 00:29:03.252288+00:00
163,Other,1inch Swap,Other,2022-08-05 13:33:40.000 UTC,2022-08-05 13:33:40.000 UTC,776.867362080441,776.867362080441,0.0,0.0,0.0,Nested,2023-04-27 00:29:03.252288+00:00
164,OP Foundation,OP Foundation Wallet,OP Foundation Grants,2023-02-09 19:07:04.000 UTC,2023-02-09 19:07:04.000 UTC,0.0,0.0,0.0,0.0,72.80364604877045,Nested,2023-04-27 00:29:03.252288+00:00
165,OP Foundation,OP Foundation Wallet,OP Foundation Grants,2022-09-12 17:34:15.000 UTC,2022-09-12 17:34:15.000 UTC,0.0,0.0,0.0,0.0,181804.0,OKX,2023-04-27 00:29:03.252288+00:00
166,Other,Other,Other,2023-04-25 07:42:37.000 UTC,2023-04-19 18:48:39.000 UTC,1012773.5399999998,1012773.5399999998,0.0,0.0,0.0,OP Foundation Sentry Wallet,2023-04-27 00:29:03.252288+00:00
167,Deployed,Arrakis Finance,Partner Fund,2023-04-24 16:17:36.000 UTC,2023-04-24 16:17:36.000 UTC,0.0,22500.0,0.0,0.0,0.0,OP Foundation Sentry Wallet,2023-04-27 00:29:03.252288+00:00
168,Project,Attestation Station Interface,Season 3,2023-04-20 21:35:49.000 UTC,2023-04-20 21:35:49.000 UTC,0.0,0.0,0.0,0.0,0.0,OP Foundation Sentry Wallet,2023-04-27 00:29:03.252288+00:00
169,Project,Interest Protocol,Season 2,2023-04-19 18:48:39.000 UTC,2023-04-19 18:48:39.000 UTC,0.0,0.0,0.0,0.0,0.0,OP Foundation Sentry Wallet,2023-04-27 00:29:03.252288+00:00
170,Project,Synpress,Season 3,2023-04-20 18:42:22.000 UTC,2023-04-20 18:39:51.000 UTC,0.0,0.0,0.0,0.0,0.0,OP Foundation Sentry Wallet,2023-04-27 00:29:03.252288+00:00
171,Project,Rotki,"Season 3,Season 1",2023-04-22 09:07:12.000 UTC,2023-04-22 09:07:12.000 UTC,0.0,0.0,0.0,0.0,0.0,OP Foundation Sentry Wallet,2023-04-27 00:29:03.252288+00:00
172,Project,OptiChads,Season 2,2023-04-20 18:33:02.000 UTC,2023-04-20 18:33:02.000 UTC,0.0,0.0,0.0,0.0,0.0,OP Foundation Sentry Wallet,2023-04-27 00:29:03.252288+00:00
173,Project,Bankless Academy,Season 2,2023-04-20 19:37:54.000 UTC,2023-04-20 19:37:54.000 UTC,0.0,0.0,0.0,0.0,0.0,OP Foundation Sentry Wallet,2023-04-27 00:29:03.252288+00:00
174,Project,JiffyScan,Season 3,2023-04-21 04:03:18.000 UTC,2023-04-21 04:03:18.000 UTC,0.0,0.0,0.0,0.0,0.0,OP Foundation Sentry Wallet,2023-04-27 00:29:03.252288+00:00
175,Project,Giveth,Season 3,2023-04-25 06:45:05.000 UTC,2023-04-25 06:45:05.000 UTC,0.0,0.0,0.0,0.0,0.0,OP Foundation Sentry Wallet,2023-04-27 00:29:03.252288+00:00
176,Other,Other,Other,2023-04-26 04:02:21.000 UTC,2022-06-01 06:35:37.000 UTC,35592065.06988927,35592065.06988927,0.0,0.0,0.0,OP Foundation Wallet,2023-04-27 00:29:03.252288+00:00
177,Deployed,Gamma,Partner Fund,2023-04-05 22:25:49.000 UTC,2023-03-17 16:43:37.000 UTC,0.0,202498.0,0.0,0.0,0.0,OP Foundation Wallet,2023-04-27 00:29:03.252288+00:00
178,Deployed,Arrakis Finance,Partner Fund,2023-04-13 05:12:22.000 UTC,2023-03-17 16:43:37.000 UTC,0.0,137509.0,0.0,0.0,0.0,OP Foundation Wallet,2023-04-27 00:29:03.252288+00:00
179,Other,Perp Foundation,Other,2023-02-09 20:13:51.000 UTC,2023-02-09 19:01:11.000 UTC,2829.5320904446703,2829.5320904446703,0.0,0.0,0.0,OP Foundation Wallet,2023-04-27 00:29:03.252288+00:00
180,Deployed,Thales,Distributor,2023-02-09 20:11:48.000 UTC,2023-02-09 19:28:18.000 UTC,0.0,1055.5372272649327,0.0,0.0,0.0,OP Foundation Wallet,2023-04-27 00:29:03.252288+00:00
181,Other,xToken LP,Other,2023-02-09 19:49:03.000 UTC,2023-02-09 19:36:13.000 UTC,291.59756670154115,291.59756670154115,0.0,0.0,0.0,OP Foundation Wallet,2023-04-27 00:29:03.252288+00:00
182,Other,Aelin user,Other,2023-02-09 19:45:11.000 UTC,2023-02-09 19:45:11.000 UTC,75.74318733628495,75.74318733628495,0.0,0.0,0.0,OP Foundation Wallet,2023-04-27 00:29:03.252288+00:00
183,Other,Lyra Unknown,Other,2023-02-09 19:37:46.000 UTC,2023-02-09 19:37:46.000 UTC,39.079339810631986,39.079339810631986,0.0,0.0,0.0,OP Foundation Wallet,2023-04-27 00:29:03.252288+00:00
184,Deployed,WePiggy,Distributor,2023-02-09 19:34:57.000 UTC,2023-02-09 19:34:57.000 UTC,0.0,39.034214943369975,0.0,0.0,0.0,OP Foundation Wallet,2023-04-27 00:29:03.252288+00:00
185,Deployed,Velodrome,Distributor,2023-02-09 19:54:11.000 UTC,2023-02-09 19:54:11.000 UTC,0.0,28.549869979236238,0.0,0.0,0.0,OP Foundation Wallet,2023-04-27 00:29:03.252288+00:00
186,Deployed,Kwenta,Distributor,2023-02-09 19:47:48.000 UTC,2023-02-09 19:47:48.000 UTC,0.0,16.15751295181371,0.0,0.0,0.0,OP Foundation Wallet,2023-04-27 00:29:03.252288+00:00
187,Project,Thales,Contract Deployer,2023-02-09 19:50:06.000 UTC,2023-02-09 19:50:06.000 UTC,0.0,0.0,0.0,0.0,0.0,OP Foundation Wallet,2023-04-27 00:29:03.252288+00:00
188,Project,Crypto LDFM,Season 3,2023-04-06 22:05:05.000 UTC,2023-04-06 22:05:05.000 UTC,0.0,0.0,0.0,0.0,0.0,OP Foundation Wallet,2023-04-27 00:29:03.252288+00:00
189,Project,Another World,Season 3,2023-02-02 23:58:38.000 UTC,2023-02-02 23:58:38.000 UTC,0.0,0.0,0.0,0.0,0.0,OP Foundation Wallet,2023-04-27 00:29:03.252288+00:00
190,Project,Tarot,Season 2,2022-11-25 17:45:19.000 UTC,2022-11-25 17:45:19.000 UTC,0.0,0.0,0.0,0.0,0.0,OP Foundation Wallet,2023-04-27 00:29:03.252288+00:00
191,Project,Uniswap,Phase 0,2022-09-07 15:07:22.000 UTC,2022-09-07 15:07:22.000 UTC,0.0,0.0,0.0,0.0,0.0,OP Foundation Wallet,2023-04-27 00:29:03.252288+00:00
192,Project,OKX,Partner Fund,2022-09-12 17:34:15.000 UTC,2022-09-12 17:34:15.000 UTC,0.0,0.0,0.0,0.0,0.0,OP Foundation Wallet,2023-04-27 00:29:03.252288+00:00
193,Project,Otterspace,Season 2,2022-11-04 16:06:55.000 UTC,2022-11-04 16:06:55.000 UTC,0.0,0.0,0.0,0.0,0.0,OP Foundation Wallet,2023-04-27 00:29:03.252288+00:00
194,Project,Boardroom,Season 1,2022-08-26 17:27:27.000 UTC,2022-08-26 17:27:27.000 UTC,0.0,0.0,0.0,0.0,0.0,OP Foundation Wallet,2023-04-27 00:29:03.252288+00:00
195,Project,Hundred Finance,Season 1,2022-08-26 08:28:32.000 UTC,2022-08-26 08:28:32.000 UTC,0.0,0.0,0.0,0.0,0.0,OP Foundation Wallet,2023-04-27 00:29:03.252288+00:00
196,Project,Geo Web,Season 3,2023-01-20 18:42:08.000 UTC,2023-01-20 18:42:08.000 UTC,0.0,0.0,0.0,0.0,0.0,OP Foundation Wallet,2023-04-27 00:29:03.252288+00:00
197,Project,Kwenta,Phase 0,2022-07-15 14:58:43.000 UTC,2022-07-15 14:58:43.000 UTC,0.0,0.0,0.0,0.0,0.0,OP Foundation Wallet,2023-04-27 00:29:03.252288+00:00
198,Project,DefiEdge,Uniswap Grants,2023-02-09 19:43:24.000 UTC,2023-02-09 19:43:24.000 UTC,0.0,0.0,0.0,0.0,0.0,OP Foundation Wallet,2023-04-27 00:29:03.252288+00:00
199,Project,Pika Protocol,Phase 0,2022-08-26 04:22:04.000 UTC,2022-08-26 04:18:37.000 UTC,0.0,0.0,0.0,0.0,0.0,OP Foundation Wallet,2023-04-27 00:29:03.252288+00:00
200,Project,Perpetual Protocol,Phase 0,2022-07-08 21:22:57.000 UTC,2022-07-08 21:22:57.000 UTC,0.0,0.0,0.0,0.0,0.0,OP Foundation Wallet,2023-04-27 00:29:03.252288+00:00
201,Project,Sonne Finance,Season 3,2023-04-25 17:49:16.000 UTC,2023-04-25 17:49:16.000 UTC,0.0,0.0,0.0,0.0,0.0,OP Foundation Wallet,2023-04-27 00:29:03.252288+00:00
202,Project,Synthetix,Phase 0,2022-07-27 11:39:58.000 UTC,2022-07-27 11:39:58.000 UTC,0.0,0.0,0.0,0.0,0.0,OP Foundation Wallet,2023-04-27 00:29:03.252288+00:00
203,Project,Velodrome,"Season 2,Intermediate",2022-11-25 16:43:45.000 UTC,2022-11-25 16:43:45.000 UTC,0.0,0.0,0.0,0.0,0.0,OP Foundation Wallet,2023-04-27 00:29:03.252288+00:00
204,Project,Synapse,Phase 0,2023-03-24 16:59:27.000 UTC,2023-03-24 16:59:27.000 UTC,0.0,0.0,0.0,0.0,0.0,OP Foundation Wallet,2023-04-27 00:29:03.252288+00:00
205,Project,Velodrome,Intermediate Disperser,2023-02-09 20:01:34.000 UTC,2023-02-09 20:01:34.000 UTC,0.0,0.0,0.0,0.0,0.0,OP Foundation Wallet,2023-04-27 00:29:03.252288+00:00
206,Project,Rotki,"Season 1,Season 3",2023-02-09 19:47:02.000 UTC,2022-08-09 08:51:51.000 UTC,0.0,0.0,0.0,0.0,0.0,OP Foundation Wallet,2023-04-27 00:29:03.252288+00:00
207,Project,WePiggy,Phase 0,2022-07-26 06:28:57.000 UTC,2022-07-26 06:28:57.000 UTC,0.0,0.0,0.0,0.0,0.0,OP Foundation Wallet,2023-04-27 00:29:03.252288+00:00
208,Project,Sushi,Season 2,2022-11-24 12:49:31.000 UTC,2022-11-24 12:49:31.000 UTC,0.0,0.0,0.0,0.0,0.0,OP Foundation Wallet,2023-04-27 00:29:03.252288+00:00
209,Project,Lyra,Phase 0,2022-07-20 02:42:01.000 UTC,2022-07-20 02:42:01.000 UTC,0.0,0.0,0.0,0.0,0.0,OP Foundation Wallet,2023-04-27 00:29:03.252288+00:00
210,Project,EthernautDAO,Season 2,2022-11-29 14:03:58.000 UTC,2022-11-29 14:03:58.000 UTC,0.0,0.0,0.0,0.0,0.0,OP Foundation Wallet,2023-04-27 00:29:03.252288+00:00
211,Project,Hop Protocol,Phase 0,2022-10-03 02:22:28.000 UTC,2022-10-03 02:22:28.000 UTC,0.0,0.0,0.0,0.0,0.0,OP Foundation Wallet,2023-04-27 00:29:03.252288+00:00
212,Project,Yearn,Season 2,2022-11-24 15:01:22.000 UTC,2022-11-24 15:01:22.000 UTC,0.0,0.0,0.0,0.0,0.0,OP Foundation Wallet,2023-04-27 00:29:03.252288+00:00
213,Project,Premia,Season 3,2023-03-22 23:59:42.000 UTC,2023-03-22 23:59:42.000 UTC,0.0,0.0,0.0,0.0,0.0,OP Foundation Wallet,2023-04-27 00:29:03.252288+00:00
214,Project,Rubicon,"Phase 0,Season 3",2023-02-09 20:06:11.000 UTC,2022-07-08 21:22:57.000 UTC,0.0,0.0,0.0,0.0,0.0,OP Foundation Wallet,2023-04-27 00:29:03.252288+00:00
215,Project,Thales,"Season 2,Phase 0,Season 3",2023-04-07 11:33:47.000 UTC,2022-07-08 21:22:57.000 UTC,0.0,0.0,0.0,0.0,0.0,OP Foundation Wallet,2023-04-27 00:29:03.252288+00:00
216,Project,dHedge,Intermediate,2023-02-09 20:08:28.000 UTC,2023-02-09 20:08:28.000 UTC,0.0,0.0,0.0,0.0,0.0,OP Foundation Wallet,2023-04-27 00:29:03.252288+00:00
217,Project,OptiChads,Season 2,2023-02-09 20:11:48.000 UTC,2022-10-28 00:24:58.000 UTC,0.0,0.0,0.0,0.0,0.0,OP Foundation Wallet,2023-04-27 00:29:03.252288+00:00
218,Project,InsureDAO,Season 2,2023-04-19 10:49:58.000 UTC,2023-04-19 10:49:58.000 UTC,0.0,0.0,0.0,0.0,0.0,OP Foundation Wallet,2023-04-27 00:29:03.252288+00:00
219,Project,Exactly,Partner Fund,2023-03-10 04:26:29.000 UTC,2023-03-10 04:26:29.000 UTC,0.0,0.0,0.0,0.0,0.0,OP Foundation Wallet,2023-04-27 00:29:03.252288+00:00
220,Project,Mean Finance,Season 1,2022-10-19 17:18:22.000 UTC,2022-10-19 17:18:22.000 UTC,0.0,0.0,0.0,0.0,0.0,OP Foundation Wallet,2023-04-27 00:29:03.252288+00:00
221,Project,Interest Protocol,Season 2,2023-03-17 15:34:19.000 UTC,2022-12-06 19:56:05.000 UTC,0.0,0.0,0.0,0.0,0.0,OP Foundation Wallet,2023-04-27 00:29:03.252288+00:00
222,Project,Beefy Finance,Season 1,2022-09-12 21:18:28.000 UTC,2022-09-12 21:18:28.000 UTC,0.0,0.0,0.0,0.0,0.0,OP Foundation Wallet,2023-04-27 00:29:03.252288+00:00
223,Project,Aelin,Phase 0,2022-07-14 03:34:07.000 UTC,2022-07-14 03:34:07.000 UTC,0.0,0.0,0.0,0.0,0.0,OP Foundation Wallet,2023-04-27 00:29:03.252288+00:00
224,Project,Karma,"Season 2,Season 3",2022-12-15 06:59:05.000 UTC,2022-12-15 06:59:05.000 UTC,0.0,0.0,0.0,0.0,0.0,OP Foundation Wallet,2023-04-27 00:29:03.252288+00:00
225,Project,Lido,Partner Fund,2023-03-03 17:51:51.000 UTC,2023-03-03 17:51:51.000 UTC,0.0,0.0,0.0,0.0,0.0,OP Foundation Wallet,2023-04-27 00:29:03.252288+00:00
226,Project,WardenSwap,Season 1,2022-11-26 18:31:40.000 UTC,2022-11-26 18:31:40.000 UTC,0.0,0.0,0.0,0.0,0.0,OP Foundation Wallet,2023-04-27 00:29:03.252288+00:00
227,Project,Revert Finance,Season 2,2023-02-09 19:48:33.000 UTC,2022-10-19 20:18:31.000 UTC,0.0,0.0,0.0,0.0,0.0,OP Foundation Wallet,2023-04-27 00:29:03.252288+00:00
228,Project,Velodrome,Partner Fund,2022-07-14 14:28:43.000 UTC,2022-07-14 14:26:23.000 UTC,0.0,0.0,0.0,0.0,0.0,OP Foundation Wallet,2023-04-27 00:29:03.252288+00:00
229,Project,Pickle Finance,Season 1,2022-08-15 05:33:41.000 UTC,2022-08-15 05:33:41.000 UTC,0.0,0.0,0.0,0.0,0.0,OP Foundation Wallet,2023-04-27 00:29:03.252288+00:00
230,Project,Zeroex (0x),Phase 0,2022-07-08 21:22:57.000 UTC,2022-07-08 21:22:57.000 UTC,0.0,0.0,0.0,0.0,0.0,OP Foundation Wallet,2023-04-27 00:29:03.252288+00:00
231,Project,Paraswap,Season 1,2023-03-08 16:47:28.000 UTC,2023-03-08 16:47:28.000 UTC,0.0,0.0,0.0,0.0,0.0,OP Foundation Wallet,2023-04-27 00:29:03.252288+00:00
232,Project,1inch,Phase 0,2022-08-15 07:58:07.000 UTC,2022-08-15 07:58:07.000 UTC,0.0,0.0,0.0,0.0,0.0,OP Foundation Wallet,2023-04-27 00:29:03.252288+00:00
233,Project,Clipper,Phase 0,2022-07-08 21:22:57.000 UTC,2022-07-08 21:22:57.000 UTC,0.0,0.0,0.0,0.0,0.0,OP Foundation Wallet,2023-04-27 00:29:03.252288+00:00
234,Project,Chainlink,Phase 0,2022-08-03 16:35:25.000 UTC,2022-08-03 16:35:25.000 UTC,0.0,0.0,0.0,0.0,0.0,OP Foundation Wallet,2023-04-27 00:29:03.252288+00:00
235,Project,QiDao,Intermediate,2023-02-09 19:42:22.000 UTC,2023-02-09 19:42:22.000 UTC,0.0,0.0,0.0,0.0,0.0,OP Foundation Wallet,2023-04-27 00:29:03.252288+00:00
236,Project,Across Protocol,Season 2,2023-04-18 17:41:29.000 UTC,2023-04-18 17:41:29.000 UTC,0.0,0.0,0.0,0.0,0.0,OP Foundation Wallet,2023-04-27 00:29:03.252288+00:00
237,Project,PoolTogether,"Season 2,Partner Fund",2022-11-28 17:16:24.000 UTC,2022-07-20 22:00:07.000 UTC,0.0,0.0,0.0,0.0,0.0,OP Foundation Wallet,2023-04-27 00:29:03.252288+00:00
238,Project,CryptoTesters,Partner Fund,2022-12-15 22:36:40.000 UTC,2022-12-15 22:36:40.000 UTC,0.0,0.0,0.0,0.0,0.0,OP Foundation Wallet,2023-04-27 00:29:03.252288+00:00
239,Project,LiFi,Season 2,2022-11-30 20:32:11.000 UTC,2022-11-30 20:32:11.000 UTC,0.0,0.0,0.0,0.0,0.0,OP Foundation Wallet,2023-04-27 00:29:03.252288+00:00
240,Project,DeNotify,Season 3,2023-02-09 19:52:23.000 UTC,2023-02-09 19:52:23.000 UTC,0.0,0.0,0.0,0.0,0.0,OP Foundation Wallet,2023-04-27 00:29:03.252288+00:00
241,Project,dForce,Intermediate,2023-02-09 19:50:36.000 UTC,2023-02-09 19:50:36.000 UTC,0.0,0.0,0.0,0.0,0.0,OP Foundation Wallet,2023-04-27 00:29:03.252288+00:00
242,Project,Nested,Treasury Wallet,2023-02-09 19:07:04.000 UTC,2023-02-09 19:07:04.000 UTC,0.0,0.0,0.0,0.0,0.0,OP Foundation Wallet,2023-04-27 00:29:03.252288+00:00
243,Project,Biconomy,Season 1,2022-09-02 08:44:30.000 UTC,2022-09-02 08:44:30.000 UTC,0.0,0.0,0.0,0.0,0.0,OP Foundation Wallet,2023-04-27 00:29:03.252288+00:00
244,Project,Stargate Finance,Phase 0,2022-07-19 23:03:40.000 UTC,2022-07-19 23:03:40.000 UTC,0.0,0.0,0.0,0.0,0.0,OP Foundation Wallet,2023-04-27 00:29:03.252288+00:00
245,Project,DefiLlama,Season 2,2022-12-26 20:23:15.000 UTC,2022-12-26 20:23:15.000 UTC,0.0,0.0,0.0,0.0,0.0,OP Foundation Wallet,2023-04-27 00:29:03.252288+00:00
246,Project,Rainbow,Season 2,2023-02-18 02:12:43.000 UTC,2023-02-18 02:12:43.000 UTC,0.0,0.0,0.0,0.0,0.0,OP Foundation Wallet,2023-04-27 00:29:03.252288+00:00
247,Project,Quix,Partner Fund,2023-02-09 19:41:35.000 UTC,2022-10-19 16:37:09.000 UTC,0.0,0.0,0.0,0.0,0.0,OP Foundation Wallet,2023-04-27 00:29:03.252288+00:00
248,Project,xToken,Season 1,2023-02-09 20:05:25.000 UTC,2022-09-13 21:24:23.000 UTC,0.0,0.0,0.0,0.0,0.0,OP Foundation Wallet,2023-04-27 00:29:03.252288+00:00
249,Project,Angle,Intermediate,2022-11-28 08:45:44.000 UTC,2022-11-28 08:45:44.000 UTC,0.0,0.0,0.0,0.0,0.0,OP Foundation Wallet,2023-04-27 00:29:03.252288+00:00
250,Project,Polynomial Protocol,Phase 0,2022-07-19 05:23:53.000 UTC,2022-07-19 05:23:53.000 UTC,0.0,0.0,0.0,0.0,0.0,OP Foundation Wallet,2023-04-27 00:29:03.252288+00:00
251,Project,Aave,Phase 0,2022-08-03 16:35:55.000 UTC,2022-08-03 16:35:55.000 UTC,0.0,0.0,0.0,0.0,0.0,OP Foundation Wallet,2023-04-27 00:29:03.252288+00:00
252,Project,Mochi,Season 2,2023-01-02 15:47:47.000 UTC,2023-01-02 15:47:47.000 UTC,0.0,0.0,0.0,0.0,0.0,OP Foundation Wallet,2023-04-27 00:29:03.252288+00:00
253,Project,Perpetual Protocol,Grants Wallet,2023-02-09 19:16:37.000 UTC,2023-02-09 19:16:37.000 UTC,0.0,0.0,0.0,0.0,0.0,OP Foundation Wallet,2023-04-27 00:29:03.252288+00:00
254,Project,dForce,"Season 1,Season 3",2022-09-30 07:12:01.000 UTC,2022-09-30 07:12:01.000 UTC,0.0,0.0,0.0,0.0,0.0,OP Foundation Wallet,2023-04-27 00:29:03.252288+00:00
255,Project,Slingshot,Phase 0,2022-07-08 21:22:57.000 UTC,2022-07-08 21:22:57.000 UTC,0.0,0.0,0.0,0.0,0.0,OP Foundation Wallet,2023-04-27 00:29:03.252288+00:00
256,Project,Candide Wallet,Season 1,2022-08-09 12:31:03.000 UTC,2022-08-09 12:28:28.000 UTC,0.0,0.0,0.0,0.0,0.0,OP Foundation Wallet,2023-04-27 00:29:03.252288+00:00
257,Project,Gnosis Safe,Season 2,2023-04-26 18:53:25.000 UTC,2023-04-26 18:53:25.000 UTC,0.0,0.0,0.0,0.0,0.0,OP Foundation Wallet,2023-04-27 00:29:03.252288+00:00
258,Project,Via Protocol,Season 3,2023-03-18 12:16:01.000 UTC,2023-03-18 12:16:01.000 UTC,0.0,0.0,0.0,0.0,0.0,OP Foundation Wallet,2023-04-27 00:29:03.252288+00:00
259,Project,Overnight,Season 2,2023-02-09 19:30:53.000 UTC,2023-01-05 20:14:37.000 UTC,0.0,0.0,0.0,0.0,0.0,OP Foundation Wallet,2023-04-27 00:29:03.252288+00:00
260,Project,Beefy Finance,Intermediate,2023-02-09 19:32:57.000 UTC,2023-02-09 19:32:57.000 UTC,0.0,0.0,0.0,0.0,0.0,OP Foundation Wallet,2023-04-27 00:29:03.252288+00:00
261,Project,Alchemix,Season 2,2023-01-08 01:17:36.000 UTC,2023-01-08 01:17:36.000 UTC,0.0,0.0,0.0,0.0,0.0,OP Foundation Wallet,2023-04-27 00:29:03.252288+00:00
262,Project,Celer,Phase 0,2022-08-04 06:56:59.000 UTC,2022-08-04 06:56:59.000 UTC,0.0,0.0,0.0,0.0,0.0,OP Foundation Wallet,2023-04-27 00:29:03.252288+00:00
263,Project,Beethoven X,Season 1,2022-08-09 13:31:33.000 UTC,2022-08-09 13:31:33.000 UTC,0.0,0.0,0.0,0.0,0.0,OP Foundation Wallet,2023-04-27 00:29:03.252288+00:00
264,Project,Rocket Pool,Season 1,2022-11-01 00:06:47.000 UTC,2022-11-01 00:06:47.000 UTC,0.0,0.0,0.0,0.0,0.0,OP Foundation Wallet,2023-04-27 00:29:03.252288+00:00
265,Project,Zipswap,Phase 0,2023-02-09 19:49:35.000 UTC,2023-02-09 19:49:35.000 UTC,0.0,0.0,0.0,0.0,0.0,OP Foundation Wallet,2023-04-27 00:29:03.252288+00:00
266,Project,Quix,Distributor,2023-02-09 19:57:01.000 UTC,2023-02-09 19:57:01.000 UTC,0.0,0.0,0.0,0.0,0.0,OP Foundation Wallet,2023-04-27 00:29:03.252288+00:00
267,Project,Layer2dao,Phase 0,2022-07-08 21:22:57.000 UTC,2022-07-08 21:22:57.000 UTC,0.0,0.0,0.0,0.0,0.0,OP Foundation Wallet,2023-04-27 00:29:03.252288+00:00
268,Project,The Optimistic Series,Season 3,2023-03-30 19:59:17.000 UTC,2023-03-30 19:59:17.000 UTC,0.0,0.0,0.0,0.0,0.0,OP Foundation Wallet,2023-04-27 00:29:03.252288+00:00
269,Project,WePiggy,Intermediate,2023-02-09 19:52:23.000 UTC,2023-02-09 19:52:23.000 UTC,0.0,0.0,0.0,0.0,0.0,OP Foundation Wallet,2023-04-27 00:29:03.252288+00:00
270,Project,Dope Wars,Season 2,2022-11-17 08:16:13.000 UTC,2022-11-17 08:16:13.000 UTC,0.0,0.0,0.0,0.0,0.0,OP Foundation Wallet,2023-04-27 00:29:03.252288+00:00
271,Project,"KyberSwap,QiDao","Season 3,Intermediate",2023-04-06 16:32:00.000 UTC,2023-04-06 16:32:00.000 UTC,0.0,0.0,0.0,0.0,0.0,OP Foundation Wallet,2023-04-27 00:29:03.252288+00:00
272,Project,Layer2dao,Contract Deplpoyer,2023-02-09 19:03:11.000 UTC,2023-02-09 19:03:11.000 UTC,0.0,0.0,0.0,0.0,0.0,OP Foundation Wallet,2023-04-27 00:29:03.252288+00:00
273,Project,dHedge,Season 2,2022-10-21 01:42:51.000 UTC,2022-10-21 01:42:51.000 UTC,0.0,0.0,0.0,0.0,0.0,OP Foundation Wallet,2023-04-27 00:29:03.252288+00:00
274,Project,Kromatika,Season 2,2022-11-06 17:07:30.000 UTC,2022-11-06 17:07:30.000 UTC,0.0,0.0,0.0,0.0,0.0,OP Foundation Wallet,2023-04-27 00:29:03.252288+00:00
275,Project,Bankless Academy,Season 2,2022-10-20 10:16:39.000 UTC,2022-10-20 10:16:39.000 UTC,0.0,0.0,0.0,0.0,0.0,OP Foundation Wallet,2023-04-27 00:29:03.252288+00:00
276,Project,Quests on Coinbase Wallet - Quest #3 Attestation,Partner Fund,2023-03-29 19:03:48.000 UTC,2023-03-29 19:03:48.000 UTC,0.0,0.0,0.0,0.0,0.0,OP Foundation Wallet,2023-04-27 00:29:03.252288+00:00
277,Project,Angle,Contract Deplopyer,2023-02-09 19:02:41.000 UTC,2023-02-09 19:02:41.000 UTC,0.0,0.0,0.0,0.0,0.0,OP Foundation Wallet,2023-04-27 00:29:03.252288+00:00
278,Project,Gelato,Phase 0,2022-07-08 21:22:57.000 UTC,2022-07-08 21:22:57.000 UTC,0.0,0.0,0.0,0.0,0.0,OP Foundation Wallet,2023-04-27 00:29:03.252288+00:00
279,Project,QiDao,Season 1,2022-08-27 07:22:14.000 UTC,2022-08-27 07:22:14.000 UTC,0.0,0.0,0.0,0.0,0.0,OP Foundation Wallet,2023-04-27 00:29:03.252288+00:00
280,Other,Other,Other,2023-04-23 10:24:09.000 UTC,2022-08-29 05:26:26.000 UTC,60727.05861916357,60727.05861916357,0.0,0.0,0.0,OptiChads,2023-04-27 00:29:03.252288+00:00
281,Other,xToken LP ,Other,2022-09-13 18:44:49.000 UTC,2022-09-13 18:44:49.000 UTC,26.37645075,26.37645075,0.0,0.0,0.0,OptiChads,2023-04-27 00:29:03.252288+00:00
282,OP Foundation,OP Foundation Wallet,OP Foundation Grants,2023-02-09 20:11:48.000 UTC,2022-10-28 00:24:58.000 UTC,0.0,0.0,0.0,0.0,50114.33911916357,OptiChads,2023-04-27 00:29:03.252288+00:00
283,OP Foundation,OP Foundation Sentry Wallet,OP Foundation Grants,2023-04-20 18:33:02.000 UTC,2023-04-20 18:33:02.000 UTC,0.0,0.0,0.0,0.0,8606.59,OptiChads,2023-04-27 00:29:03.252288+00:00
284,Other,Other,Other,2023-02-03 10:26:22.000 UTC,2022-11-17 14:27:47.000 UTC,5005.0,5005.0,0.0,0.0,0.0,Otterspace,2023-04-27 00:29:03.252288+00:00
285,Other,xToken LP ,Other,2022-11-17 14:29:32.000 UTC,2022-11-17 14:29:32.000 UTC,1995.0,1995.0,0.0,0.0,0.0,Otterspace,2023-04-27 00:29:03.252288+00:00
286,OP Foundation,OP Foundation Wallet,OP Foundation Grants,2022-11-04 16:06:55.000 UTC,2022-11-04 16:06:55.000 UTC,0.0,0.0,0.0,0.0,49999.99999999999,Otterspace,2023-04-27 00:29:03.252288+00:00
287,Other,Other,Other,2023-04-26 13:33:07.000 UTC,2022-09-29 00:01:34.000 UTC,566145.7581562747,382537.6824092356,0.0,0.0,0.0,Overnight,2023-04-27 00:29:03.252288+00:00
288,Deployed,Overnight,USD+/USDC: Velodrome,2023-04-25 07:11:50.000 UTC,2023-01-10 19:30:02.000 UTC,0.0,35700.0,0.0,0.0,0.0,Overnight,2023-04-27 00:29:03.252288+00:00
289,Project,Beethoven X,Season 1,2023-04-06 15:20:56.000 UTC,2023-01-17 08:52:43.000 UTC,0.0,23500.000000000033,0.0,23500.000000000033,0.0,Overnight,2023-04-27 00:29:03.252288+00:00
290,Deployed,Overnight,USD+/DOLA: Velodrome,2023-04-25 07:11:20.000 UTC,2023-01-30 13:51:51.000 UTC,0.0,22500.0,0.0,0.0,0.0,Overnight,2023-04-27 00:29:03.252288+00:00
291,Deployed,Overnight,BPT-USD+: Beethoven X,2023-01-10 03:55:32.000 UTC,2023-01-10 03:55:32.000 UTC,0.0,2450.0,0.0,0.0,0.0,Overnight,2023-04-27 00:29:03.252288+00:00
292,Other,1inch Swap,Other,2023-01-11 15:48:35.000 UTC,2023-01-11 15:48:35.000 UTC,825.0,825.0,0.0,0.0,0.0,Overnight,2023-04-27 00:29:03.252288+00:00
293,OP Foundation,OP Foundation Wallet,OP Foundation Grants,2023-02-09 19:30:53.000 UTC,2023-01-05 20:14:37.000 UTC,0.0,0.0,0.0,0.0,400012.68240923557,Overnight,2023-04-27 00:29:03.252288+00:00
294,Project,Beethoven X,Season 1,2023-03-03 13:38:51.000 UTC,2023-03-03 13:38:51.000 UTC,0.0,0.0,1300.0,0.0,0.0,Overnight,2023-04-27 00:29:03.252288+00:00
295,Other,Other,Other,2023-04-17 11:51:12.000 UTC,2023-04-17 11:51:12.000 UTC,157500.0,157500.0,0.0,0.0,0.0,Paraswap,2023-04-27 00:29:03.252288+00:00
296,OP Foundation,OP Foundation Wallet,OP Foundation Grants,2023-03-08 16:47:28.000 UTC,2023-03-08 16:47:28.000 UTC,0.0,0.0,0.0,0.0,450000.0,Paraswap,2023-04-27 00:29:03.252288+00:00
297,Other,1inch Swap,Other,2022-06-01 02:17:52.000 UTC,2022-06-01 02:17:52.000 UTC,409.4262928365903,409.4262928365903,0.0,0.0,0.0,Paytrie,2023-04-27 00:29:03.252288+00:00
298,Deployed,Perpetual Protocol,Distributor,2023-04-24 05:59:04.000 UTC,2022-07-18 12:57:38.000 UTC,0.0,3684994.4056484597,0.0,0.0,0.0,Perpetual Protocol,2023-04-27 00:29:03.252288+00:00
299,Other,Perp Foundation,Other,2023-04-21 02:12:35.000 UTC,2022-07-18 06:53:35.000 UTC,1465481.7313821374,1315816.5999999999,0.0,0.0,0.0,Perpetual Protocol,2023-04-27 00:29:03.252288+00:00
300,Other,Other,Other,2023-04-26 20:55:11.000 UTC,2022-05-31 22:14:37.000 UTC,3997959.5108059263,585153.767702142,0.0,0.0,0.0,Perpetual Protocol,2023-04-27 00:29:03.252288+00:00
301,Other,xToken LP ,Other,2022-07-18 15:43:43.000 UTC,2022-07-18 15:43:43.000 UTC,399999.99999999994,399999.99999999994,0.0,0.0,0.0,Perpetual Protocol,2023-04-27 00:29:03.252288+00:00
302,Other,Aelin user,Other,2022-07-18 06:53:05.000 UTC,2022-07-18 06:53:05.000 UTC,220.0,220.0,0.0,0.0,0.0,Perpetual Protocol,2023-04-27 00:29:03.252288+00:00
303,OP Foundation,OP Foundation Wallet,OP Foundation Grants,2023-02-09 19:16:37.000 UTC,2022-07-08 21:22:57.000 UTC,0.0,0.0,0.0,0.0,9000019.72828754,Perpetual Protocol,2023-04-27 00:29:03.252288+00:00
304,Project,Velodrome,Intermediate Disperser,2022-07-28 19:08:11.000 UTC,2022-07-28 19:08:11.000 UTC,0.0,0.0,13.884,0.0,0.0,Perpetual Protocol,2023-04-27 00:29:03.252288+00:00
305,Deployed,Pickle Finance,Distributor,2023-03-31 04:22:18.000 UTC,2022-09-08 08:50:20.000 UTC,0.0,82600.0,0.0,0.0,0.0,Pickle Finance,2023-04-27 00:29:03.252288+00:00
306,Other,xToken LP,Other,2022-10-21 16:06:21.000 UTC,2022-10-02 12:36:15.000 UTC,169.97061394762565,0.0,0.0,0.0,0.0,Pickle Finance,2023-04-27 00:29:03.252288+00:00
307,OP Foundation,OP Foundation Wallet,OP Foundation Grants,2022-08-15 05:33:41.000 UTC,2022-08-15 05:33:41.000 UTC,0.0,0.0,0.0,0.0,199999.99999999997,Pickle Finance,2023-04-27 00:29:03.252288+00:00
308,Other,Other,Other,2023-04-26 19:29:38.000 UTC,2022-09-08 16:13:45.000 UTC,78054.55757813533,0.0,0.0,0.0,0.0,Pickle Finance,2023-04-27 00:29:03.252288+00:00
309,Deployed,Pika Protocol,Distributor,2023-04-07 08:04:24.000 UTC,2022-09-02 03:00:36.000 UTC,0.0,631407.0,0.0,0.0,0.0,Pika Protocol,2023-04-27 00:29:03.252288+00:00
310,Other,Other,Other,2023-04-26 20:34:53.000 UTC,2022-09-02 03:02:51.000 UTC,601163.2627998648,87292.0,0.0,0.0,0.0,Pika Protocol,2023-04-27 00:29:03.252288+00:00
311,Other,xToken LP,Other,2022-10-21 16:06:51.000 UTC,2022-09-10 13:51:32.000 UTC,290.8897233349951,0.0,0.0,0.0,0.0,Pika Protocol,2023-04-27 00:29:03.252288+00:00
312,OP Foundation,OP Foundation Wallet,OP Foundation Grants,2022-08-26 04:22:04.000 UTC,2022-08-26 04:18:37.000 UTC,0.0,0.0,0.0,0.0,900000.0,Pika Protocol,2023-04-27 00:29:03.252288+00:00
313,Deployed,Polynomial Protocol,Distributor,2022-11-24 12:23:16.000 UTC,2022-11-09 07:02:00.000 UTC,0.0,180000.0,0.0,0.0,0.0,Polynomial Protocol,2023-04-27 00:29:03.252288+00:00
314,Project,Lyra,Phase 0,2022-08-15 07:49:57.000 UTC,2022-08-03 06:59:10.000 UTC,0.0,83570.0,0.0,83570.0,0.0,Polynomial Protocol,2023-04-27 00:29:03.252288+00:00
315,Other,Other,Other,2023-04-26 06:16:56.000 UTC,2022-08-15 07:49:57.000 UTC,161788.92773266495,63233.48975802,0.0,0.0,0.0,Polynomial Protocol,2023-04-27 00:29:03.252288+00:00
316,Project,Thales,"Season 2,Phase 0,Season 3",2022-08-15 07:49:57.000 UTC,2022-08-15 07:49:57.000 UTC,0.0,11570.0,0.0,11570.0,0.0,Polynomial Protocol,2023-04-27 00:29:03.252288+00:00
317,Project,Kwenta,Phase 0,2022-08-15 07:49:57.000 UTC,2022-08-15 07:49:57.000 UTC,0.0,11570.0,0.0,11570.0,0.0,Polynomial Protocol,2023-04-27 00:29:03.252288+00:00
318,Project,LiFi,Intermediate,2022-08-15 07:49:57.000 UTC,2022-08-15 07:49:57.000 UTC,0.0,11570.0,0.0,11570.0,0.0,Polynomial Protocol,2023-04-27 00:29:03.252288+00:00
319,Project,Lyra,Lyra Grants DAO,2022-11-06 14:02:37.000 UTC,2022-11-06 14:02:37.000 UTC,0.0,0.0,36000.0,0.0,0.0,Polynomial Protocol,2023-04-27 00:29:03.252288+00:00
320,OP Foundation,OP Foundation Wallet,OP Foundation Grants,2022-07-19 05:23:53.000 UTC,2022-07-19 05:23:53.000 UTC,0.0,0.0,0.0,0.0,900000.0,Polynomial Protocol,2023-04-27 00:29:03.252288+00:00
321,Deployed,PoolTogether,Distributor,2022-11-28 21:54:22.000 UTC,2022-07-26 17:58:42.000 UTC,0.0,810000.0,0.0,0.0,0.0,PoolTogether,2023-04-27 00:29:03.252288+00:00
322,Other,Other,Other,2023-04-26 19:52:30.000 UTC,2022-07-14 17:48:13.000 UTC,811618.2836208038,32488.0,0.0,0.0,0.0,PoolTogether,2023-04-27 00:29:03.252288+00:00
323,OP Foundation,OP Foundation Wallet,OP Foundation Grants,2022-11-28 17:16:24.000 UTC,2022-07-20 22:00:07.000 UTC,0.0,0.0,0.0,0.0,1000000.0,PoolTogether,2023-04-27 00:29:03.252288+00:00
324,OP Foundation,OP Foundation Wallet,OP Foundation Grants,2023-03-22 23:59:42.000 UTC,2023-03-22 23:59:42.000 UTC,0.0,0.0,0.0,0.0,234999.99999999997,Premia,2023-04-27 00:29:03.252288+00:00
325,Deployed,QiDao,sUSDC/MAI: Velodrome,2023-04-24 21:35:51.000 UTC,2022-08-28 21:00:30.000 UTC,0.0,220776.50488999998,0.0,0.0,0.0,QiDao,2023-04-27 00:29:03.252288+00:00
326,Other,Other,Other,2023-04-26 08:18:44.000 UTC,2022-07-28 02:56:56.000 UTC,406981.34207206854,89654.21842941221,0.0,0.0,0.0,QiDao,2023-04-27 00:29:03.252288+00:00
327,Project,"KyberSwap,QiDao","Season 3,Intermediate",2022-11-18 19:07:13.000 UTC,2022-11-18 19:07:13.000 UTC,0.0,32000.0,0.0,32000.0,0.0,QiDao,2023-04-27 00:29:03.252288+00:00
328,Project,Beethoven X,Season 1,2022-12-21 22:26:14.000 UTC,2022-09-29 17:54:56.000 UTC,0.0,29092.0,0.0,29092.0,0.0,QiDao,2023-04-27 00:29:03.252288+00:00
329,Deployed,QiDao,vUSDC/MAI: Velodrome,2022-09-03 20:32:39.000 UTC,2022-09-03 20:32:39.000 UTC,0.0,6000.0,0.0,0.0,0.0,QiDao,2023-04-27 00:29:03.252288+00:00
330,Project,Velodrome,Intermediate Disperser,2022-10-14 17:03:13.000 UTC,2022-09-15 17:59:26.000 UTC,0.0,0.0,12055.337472000001,0.0,0.0,QiDao,2023-04-27 00:29:03.252288+00:00
331,Project,Beethoven X,Season 1,2023-01-12 21:51:10.000 UTC,2023-01-12 21:51:10.000 UTC,0.0,0.0,900.0,0.0,0.0,QiDao,2023-04-27 00:29:03.252288+00:00
332,Project,Lido,Intermediate Wallet,2023-04-07 09:44:41.000 UTC,2023-04-07 09:44:41.000 UTC,0.0,0.0,3000.0,0.0,0.0,QiDao,2023-04-27 00:29:03.252288+00:00
333,OP Foundation,OP Foundation Wallet,OP Foundation Grants,2023-02-09 19:42:22.000 UTC,2022-08-27 07:22:14.000 UTC,0.0,0.0,0.0,0.0,750254.3352601156,QiDao,2023-04-27 00:29:03.252288+00:00
334,Project,QiDao,Season 1,2023-04-24 21:36:36.000 UTC,2022-09-21 05:36:08.000 UTC,0.0,-21026.31346299464,0.0,0.0,0.0,QiDao,2023-04-27 00:29:03.252288+00:00
335,Project,Lido,Intermediate Wallet,2023-04-26 17:27:35.000 UTC,2023-04-26 17:27:35.000 UTC,0.0,12000.0,0.0,12000.0,0.0,"QiDao,KyberSwap",2023-04-27 00:29:03.252288+00:00
336,Other,Other,Other,2023-04-20 06:28:10.000 UTC,2023-04-20 06:28:10.000 UTC,508.10950235505953,508.10950235505953,0.0,0.0,0.0,"QiDao,KyberSwap",2023-04-27 00:29:03.252288+00:00
337,Other,Other,Other,2023-04-26 21:05:42.000 UTC,2023-02-13 17:47:24.000 UTC,99692.0,99692.0,0.0,0.0,0.0,Quests on Coinbase Wallet,2023-04-27 00:29:03.252288+00:00
338,OP Foundation,OP Foundation Wallet,OP Foundation Grants,2023-03-29 19:03:48.000 UTC,2023-03-29 19:03:48.000 UTC,0.0,0.0,0.0,0.0,1.0,Quests on Coinbase Wallet - Quest #3 Attestation,2023-04-27 00:29:03.252288+00:00
339,Other,Other,Other,2023-02-09 21:18:25.000 UTC,2022-06-01 19:55:04.000 UTC,93758.08731223969,93758.08731223969,0.0,0.0,0.0,Quix,2023-04-27 00:29:03.252288+00:00
340,Other,xToken LP ,Other,2022-10-25 18:46:32.000 UTC,2022-10-25 18:46:32.000 UTC,594.5092699305409,594.5092699305409,0.0,0.0,0.0,Quix,2023-04-27 00:29:03.252288+00:00
341,OP Foundation,OP Foundation Wallet,OP Foundation Grants,2023-02-09 19:57:01.000 UTC,2022-10-19 16:37:09.000 UTC,0.0,0.0,0.0,0.0,1010066.6339568252,Quix,2023-04-27 00:29:03.252288+00:00
342,Other,Other,Other,2023-03-06 19:59:53.000 UTC,2023-02-20 18:09:15.000 UTC,114908.45974050317,114908.45974050317,0.0,0.0,0.0,Rainbow,2023-04-27 00:29:03.252288+00:00
343,OP Foundation,OP Foundation Wallet,OP Foundation Grants,2023-02-18 02:12:43.000 UTC,2023-02-18 02:12:43.000 UTC,0.0,0.0,0.0,0.0,420069.0,Rainbow,2023-04-27 00:29:03.252288+00:00
344,Deployed,Revert Finance,Distributor,2023-03-08 13:48:55.000 UTC,2022-11-30 17:32:05.000 UTC,0.0,240000.0,0.0,0.0,0.0,Revert Finance,2023-04-27 00:29:03.252288+00:00
345,Other,Other,Other,2023-04-26 18:21:21.000 UTC,2022-05-31 20:34:36.000 UTC,233743.43640133497,833.0789183035535,0.0,0.0,0.0,Revert Finance,2023-04-27 00:29:03.252288+00:00
346,Other,xToken LP ,Other,2023-02-10 20:36:46.000 UTC,2023-02-10 20:36:46.000 UTC,4.975,4.975,0.0,0.0,0.0,Revert Finance,2023-04-27 00:29:03.252288+00:00
347,Other,xToken LP,Other,2023-02-10 06:40:34.000 UTC,2022-11-30 18:55:29.000 UTC,87.70881574267206,0.0,0.0,0.0,0.0,Revert Finance,2023-04-27 00:29:03.252288+00:00
348,OP Foundation,OP Foundation Wallet,OP Foundation Grants,2023-02-09 19:48:33.000 UTC,2022-10-19 20:18:31.000 UTC,0.0,0.0,0.0,0.0,240007.6832824366,Revert Finance,2023-04-27 00:29:03.252288+00:00
349,Deployed,Rocket Pool,WETH/rETH: Beethoven X,2023-04-24 07:28:37.000 UTC,2022-11-09 23:24:21.000 UTC,0.0,285000.0,0.0,0.0,0.0,Rocket Pool,2023-04-27 00:29:03.252288+00:00
350,Deployed,Rocket Pool,vWETH/rETH: Velodrome,2023-04-24 07:29:52.000 UTC,2023-02-06 23:43:32.000 UTC,0.0,94283.0,0.0,0.0,0.0,Rocket Pool,2023-04-27 00:29:03.252288+00:00
351,Deployed,Rocket Pool,sWETH/rETH: Velodrome,2023-01-31 21:09:45.000 UTC,2022-11-30 04:24:24.000 UTC,0.0,21430.0,0.0,0.0,0.0,Rocket Pool,2023-04-27 00:29:03.252288+00:00
352,Other,Other,Other,2023-04-26 20:45:40.000 UTC,2022-11-10 00:09:47.000 UTC,413181.6862656165,2143.0,0.0,0.0,0.0,Rocket Pool,2023-04-27 00:29:03.252288+00:00
353,Project,Velodrome,"Season 2,Intermediate",2022-11-18 04:58:58.000 UTC,2022-11-18 04:58:58.000 UTC,0.0,2143.0,0.0,2143.0,0.0,Rocket Pool,2023-04-27 00:29:03.252288+00:00
354,OP Foundation,OP Foundation Wallet,OP Foundation Grants,2022-11-01 00:06:47.000 UTC,2022-11-01 00:06:47.000 UTC,0.0,0.0,0.0,0.0,600000.0,Rocket Pool,2023-04-27 00:29:03.252288+00:00
355,Other,1inch Swap,Other,2022-12-09 22:52:43.000 UTC,2022-08-09 09:13:12.000 UTC,195880.22846,195880.22846,0.0,0.0,0.0,Rotki,2023-04-27 00:29:03.252288+00:00
356,Other,Other,Other,2023-04-22 09:45:15.000 UTC,2023-02-28 09:37:01.000 UTC,155922.4619827529,155922.4619827529,0.0,0.0,0.0,Rotki,2023-04-27 00:29:03.252288+00:00
357,OP Foundation,OP Foundation Sentry Wallet,OP Foundation Grants,2023-04-22 09:07:12.000 UTC,2023-04-22 09:07:12.000 UTC,0.0,0.0,0.0,0.0,145272.63999999998,Rotki,2023-04-27 00:29:03.252288+00:00
358,OP Foundation,OP Foundation Wallet,OP Foundation Grants,2023-02-09 19:47:02.000 UTC,2022-08-09 08:51:51.000 UTC,0.0,0.0,0.0,0.0,210578.0362524194,Rotki,2023-04-27 00:29:03.252288+00:00
359,Deployed,Rubicon,Distributor,2022-08-21 21:38:43.000 UTC,2022-07-15 17:20:59.000 UTC,0.0,351000.0,0.0,0.0,0.0,Rubicon,2023-04-27 00:29:03.252288+00:00
360,Deployed,Rubicon,Distributor LM,2022-07-15 18:08:29.000 UTC,2022-07-15 17:49:03.000 UTC,0.0,324000.00000000006,0.0,0.0,0.0,Rubicon,2023-04-27 00:29:03.252288+00:00
361,Other,Rubicon LP,Other,2023-04-26 10:06:49.000 UTC,2022-06-08 17:12:12.000 UTC,182441.5002951345,91690.26770214278,0.0,0.0,0.0,Rubicon,2023-04-27 00:29:03.252288+00:00
362,Other,Other,Other,2023-04-26 18:40:29.000 UTC,2022-06-28 17:22:03.000 UTC,538596.4266343127,42396.08594124832,0.0,0.0,0.0,Rubicon,2023-04-27 00:29:03.252288+00:00
363,OP Foundation,OP Foundation Wallet,OP Foundation Grants,2023-02-09 20:06:11.000 UTC,2022-07-08 21:22:57.000 UTC,0.0,0.0,0.0,0.0,900254.3352601156,Rubicon,2023-04-27 00:29:03.252288+00:00
364,Other,xToken LP,Other,2022-11-12 01:08:11.000 UTC,2022-11-12 01:08:11.000 UTC,0.3750529935060633,0.0,0.0,0.0,0.0,Rubicon,2023-04-27 00:29:03.252288+00:00
365,Other,Aelin user,Other,2022-09-05 03:46:34.000 UTC,2022-09-05 03:46:34.000 UTC,311.00952248564266,0.0,0.0,0.0,0.0,Rubicon,2023-04-27 00:29:03.252288+00:00
366,Project,Rubicon,"Phase 0,Season 3",2023-02-09 22:05:27.000 UTC,2022-07-15 18:19:57.000 UTC,0.0,-15220.808571278772,0.0,0.0,0.0,Rubicon,2023-04-27 00:29:03.252288+00:00
367,Deployed,Slingshot,Distributor,2022-09-30 23:32:34.000 UTC,2022-08-26 17:25:50.000 UTC,0.0,124813.0,0.0,0.0,0.0,Slingshot,2023-04-27 00:29:03.252288+00:00
368,Other,Other,Other,2023-04-22 09:29:45.000 UTC,2022-07-08 16:53:40.000 UTC,123515.0,9523.0,0.0,0.0,0.0,Slingshot,2023-04-27 00:29:03.252288+00:00
369,OP Foundation,OP Foundation Wallet,OP Foundation Grants,2022-07-08 21:22:57.000 UTC,2022-07-08 21:22:57.000 UTC,0.0,0.0,0.0,0.0,300000.0,Slingshot,2023-04-27 00:29:03.252288+00:00
370,Project,Layer2dao,Phase 0,2022-11-30 16:44:26.000 UTC,2022-11-30 16:44:26.000 UTC,0.0,0.0,27500.0,0.0,0.0,Socket,2023-04-27 00:29:03.252288+00:00
371,Other,Other,Other,2022-10-13 16:23:09.000 UTC,2022-10-06 15:44:38.000 UTC,1456.4504320543476,1456.4504320543476,0.0,0.0,0.0,Sonne Finance,2023-04-27 00:29:03.252288+00:00
372,OP Foundation,OP Foundation Wallet,OP Foundation Grants,2023-04-25 17:49:16.000 UTC,2023-04-25 17:49:16.000 UTC,0.0,0.0,0.0,0.0,99999.99999999999,Sonne Finance,2023-04-27 00:29:03.252288+00:00
373,Deployed,Stargate Finance,LP Staking Time,2023-01-05 00:10:59.000 UTC,2022-08-04 19:06:01.000 UTC,0.0,469724.73,0.0,0.0,0.0,Stargate Finance,2023-04-27 00:29:03.252288+00:00
374,Project,Beefy Finance,Season 1,2023-03-15 17:32:54.000 UTC,2023-03-15 17:32:54.000 UTC,0.0,75000.0,0.0,75000.0,0.0,Stargate Finance,2023-04-27 00:29:03.252288+00:00
375,Other,Other,Other,2023-04-26 21:11:13.000 UTC,2022-07-13 23:21:32.000 UTC,363580.4632846875,1.0,0.0,0.0,0.0,Stargate Finance,2023-04-27 00:29:03.252288+00:00
376,OP Foundation,OP Foundation Wallet,OP Foundation Grants,2022-07-19 23:03:40.000 UTC,2022-07-19 23:03:40.000 UTC,0.0,0.0,0.0,0.0,1000000.0,Stargate Finance,2023-04-27 00:29:03.252288+00:00
377,Deployed,Sushi,ComplexRewarderTime,2023-02-28 20:47:12.000 UTC,2023-02-28 20:47:12.000 UTC,0.0,49999.99999999999,0.0,0.0,0.0,Sushi,2023-04-27 00:29:03.252288+00:00
378,Other,Other,Other,2023-04-26 19:53:45.000 UTC,2023-02-18 20:20:08.000 UTC,29281.5476556569,0.0,0.0,0.0,0.0,Sushi,2023-04-27 00:29:03.252288+00:00
379,OP Foundation,OP Foundation Wallet,OP Foundation Grants,2022-11-24 12:49:31.000 UTC,2022-11-24 12:49:31.000 UTC,0.0,0.0,0.0,0.0,504000.0,Sushi,2023-04-27 00:29:03.252288+00:00
380,Other,Other,Other,2023-03-26 20:15:31.000 UTC,2023-03-25 19:54:25.000 UTC,850000.0,850000.0,0.0,0.0,0.0,Synapse,2023-04-27 00:29:03.252288+00:00
381,OP Foundation,OP Foundation Wallet,OP Foundation Grants,2023-03-24 16:59:27.000 UTC,2023-03-24 16:59:27.000 UTC,0.0,0.0,0.0,0.0,1000000.0,Synapse,2023-04-27 00:29:03.252288+00:00
382,Other,1inch Swap,Other,2023-04-20 19:26:05.000 UTC,2023-04-20 19:26:05.000 UTC,91886.0,91886.0,0.0,0.0,0.0,Synpress,2023-04-27 00:29:03.252288+00:00
383,OP Foundation,OP Foundation Sentry Wallet,OP Foundation Grants,2023-04-20 18:42:22.000 UTC,2023-04-20 18:39:51.000 UTC,0.0,0.0,0.0,0.0,91886.0,Synpress,2023-04-27 00:29:03.252288+00:00
384,Deployed,Synthetix,SNXAmbassadors delegation,2022-10-17 22:18:24.000 UTC,2022-10-17 22:18:24.000 UTC,0.0,2000000.0,0.0,0.0,0.0,Synthetix,2023-04-27 00:29:03.252288+00:00
385,Other,Other,Other,2023-04-26 20:34:08.000 UTC,2022-08-23 15:51:39.000 UTC,3459215.791975612,1044492.0631406144,0.0,0.0,0.0,Synthetix,2023-04-27 00:29:03.252288+00:00
386,Deployed,Synthetix,sETH-ETH: Curve,2023-03-17 20:16:56.000 UTC,2022-08-25 12:29:25.000 UTC,0.0,590000.0,0.0,0.0,0.0,Synthetix,2023-04-27 00:29:03.252288+00:00
387,Deployed,Synthetix,sUSD-3Crv: Curve,2023-03-17 20:16:56.000 UTC,2022-08-25 12:27:40.000 UTC,0.0,590000.0,0.0,0.0,0.0,Synthetix,2023-04-27 00:29:03.252288+00:00
388,Deployed,Synthetix,USDC/sUSD: Velodrome,2023-04-26 13:39:07.000 UTC,2022-09-27 16:00:49.000 UTC,0.0,310000.0,0.0,0.0,0.0,Synthetix,2023-04-27 00:29:03.252288+00:00
389,Deployed,Synthetix,USDC/SNX: Velodrome,2023-03-17 20:16:56.000 UTC,2022-09-27 16:00:49.000 UTC,0.0,260000.0,0.0,0.0,0.0,Synthetix,2023-04-27 00:29:03.252288+00:00
390,Deployed,Synthetix,ETH/sETH: Velodrome,2023-03-17 20:16:56.000 UTC,2022-09-27 16:00:49.000 UTC,0.0,260000.0,0.0,0.0,0.0,Synthetix,2023-04-27 00:29:03.252288+00:00
391,Project,Lyra,Intermediate,2023-02-24 09:02:42.000 UTC,2023-01-11 03:04:49.000 UTC,0.0,168900.0,0.0,168900.0,0.0,Synthetix,2023-04-27 00:29:03.252288+00:00
392,Deployed,Synthetix,SNX Bridge: Hop,2023-04-09 12:49:55.000 UTC,2022-10-25 23:35:36.000 UTC,0.0,78000.0,0.0,0.0,0.0,Synthetix,2023-04-27 00:29:03.252288+00:00
393,Deployed,Kwenta,Distributor,2023-04-25 22:05:07.000 UTC,2022-08-24 12:01:27.000 UTC,0.0,12500.0,0.0,0.0,0.0,Synthetix,2023-04-27 00:29:03.252288+00:00
394,Project,dHedge,Season 2,2022-10-20 18:59:19.000 UTC,2022-10-20 18:59:19.000 UTC,0.0,7500.0,0.0,7500.0,0.0,Synthetix,2023-04-27 00:29:03.252288+00:00
395,Project,Velodrome,Intermediate Disperser,2023-03-30 18:19:03.000 UTC,2022-07-28 17:23:14.000 UTC,0.0,0.0,29953.540690600003,0.0,0.0,Synthetix,2023-04-27 00:29:03.252288+00:00
396,OP Foundation,OP Foundation Wallet,OP Foundation Grants,2022-07-27 11:39:58.000 UTC,2022-07-27 11:39:58.000 UTC,0.0,0.0,0.0,0.0,9000000.0,Synthetix,2023-04-27 00:29:03.252288+00:00
397,Project,Synthetix,Multisig - Distributor,2023-04-05 19:49:51.000 UTC,2023-04-05 19:49:51.000 UTC,0.0,-103.1731406143824,0.0,0.0,0.0,Synthetix,2023-04-27 00:29:03.252288+00:00
398,Project,Synthetix,Phase 0,2022-12-01 13:11:36.000 UTC,2022-12-01 13:11:36.000 UTC,0.0,-28431.893067761906,0.0,0.0,0.0,Synthetix,2023-04-27 00:29:03.252288+00:00
399,OP Foundation,OP Foundation Wallet,OP Foundation Grants,2022-11-25 17:45:19.000 UTC,2022-11-25 17:45:19.000 UTC,0.0,0.0,0.0,0.0,540000.0,Tarot,2023-04-27 00:29:03.252288+00:00
400,Deployed,Thales,Distributor,2023-04-26 12:37:17.000 UTC,2022-07-15 15:59:30.000 UTC,0.0,1114187.72,0.0,0.0,0.0,Thales,2023-04-27 00:29:03.252288+00:00
401,Other,Other,Other,2023-04-26 21:09:28.000 UTC,2022-07-08 00:08:25.000 UTC,1154824.4309886931,80542.22526011562,0.0,0.0,0.0,Thales,2023-04-27 00:29:03.252288+00:00
402,Project,Velodrome,"Season 2,Intermediate",2022-08-05 09:46:36.000 UTC,2022-08-05 09:46:36.000 UTC,0.0,1302.0,0.0,1302.0,0.0,Thales,2023-04-27 00:29:03.252288+00:00
403,Project,Layer2dao,Phase 0,2022-09-06 19:17:37.000 UTC,2022-09-06 19:17:37.000 UTC,0.0,0.0,27500.0,0.0,0.0,Thales,2023-04-27 00:29:03.252288+00:00
404,OP Foundation,OP Foundation Wallet,OP Foundation Grants,2023-04-07 11:33:47.000 UTC,2022-07-08 21:22:57.000 UTC,0.0,0.0,0.0,0.0,1300254.3352601156,Thales,2023-04-27 00:29:03.252288+00:00
405,Project,Velodrome,Intermediate Disperser,2022-08-04 17:38:45.000 UTC,2022-07-28 19:09:57.000 UTC,0.0,0.0,5222.813,0.0,0.0,Thales,2023-04-27 00:29:03.252288+00:00
406,Other,xToken LP,Other,2022-12-19 20:31:53.000 UTC,2022-12-19 20:31:53.000 UTC,0.18,0.0,0.0,0.0,0.0,Thales,2023-04-27 00:29:03.252288+00:00
407,Other,1inch Swap,Other,2022-09-10 20:22:38.000 UTC,2022-09-10 20:22:38.000 UTC,16.867362080440977,0.0,0.0,0.0,0.0,Thales,2023-04-27 00:29:03.252288+00:00
408,Other,xToken LP ,Other,2023-03-01 19:51:57.000 UTC,2023-03-01 19:51:57.000 UTC,4.46,0.0,0.0,0.0,0.0,Thales,2023-04-27 00:29:03.252288+00:00
409,Project,Polynomial Protocol,Phase 0,2022-08-15 07:49:57.000 UTC,2022-08-15 07:49:57.000 UTC,0.0,0.0,11570.0,0.0,0.0,Thales,2023-04-27 00:29:03.252288+00:00
410,Project,Thales,Contract Deployer,2023-03-13 11:15:54.000 UTC,2023-03-13 11:15:54.000 UTC,0.0,-0.29,0.0,0.0,0.0,Thales,2023-04-27 00:29:03.252288+00:00
411,Project,Thales,"Season 2,Phase 0,Season 3",2023-03-03 19:29:59.000 UTC,2022-06-02 10:34:35.000 UTC,0.0,-36587.25809214993,0.0,0.0,0.0,Thales,2023-04-27 00:29:03.252288+00:00
412,OP Foundation,OP Foundation Wallet,OP Foundation Grants,2023-03-30 19:59:17.000 UTC,2023-03-30 19:59:17.000 UTC,0.0,0.0,0.0,0.0,12000.0,The Optimistic Series,2023-04-27 00:29:03.252288+00:00
413,Project,Arrakis Finance,Uniswap Grants,2023-01-17 22:03:40.000 UTC,2022-10-26 13:08:02.000 UTC,0.0,41666.659999999996,0.0,41666.659999999996,0.0,Uniswap,2023-04-27 00:29:03.252288+00:00
414,Project,xToken,Intermediate,2023-01-17 22:01:54.000 UTC,2022-10-25 21:30:41.000 UTC,0.0,41666.659999999996,0.0,41666.659999999996,0.0,Uniswap,2023-04-27 00:29:03.252288+00:00
415,Project,xToken,Season 1,2023-01-17 22:03:10.000 UTC,2022-10-25 21:44:23.000 UTC,0.0,41666.659999999996,0.0,41666.659999999996,0.0,Uniswap,2023-04-27 00:29:03.252288+00:00
416,Project,DefiEdge,Uniswap Grants,2023-01-18 14:26:24.000 UTC,2023-01-18 05:00:01.000 UTC,0.0,25000.0,0.0,25000.0,0.0,Uniswap,2023-04-27 00:29:03.252288+00:00
417,OP Foundation,OP Foundation Wallet,OP Foundation Grants,2022-09-07 15:07:22.000 UTC,2022-09-07 15:07:22.000 UTC,0.0,0.0,0.0,0.0,1000000.0,Uniswap,2023-04-27 00:29:03.252288+00:00
418,Other,Other,Other,2023-04-26 18:01:12.000 UTC,2022-07-11 17:23:08.000 UTC,5076510.570260285,4943244.742260285,0.0,0.0,0.0,Velodrome,2023-04-27 00:29:03.252288+00:00
419,Deployed,Synthetix,USDC/sUSD: Velodrome,2023-04-26 18:01:12.000 UTC,2022-09-27 16:14:22.000 UTC,0.0,178551.0,0.0,0.0,0.0,Velodrome,2023-04-27 00:29:03.252288+00:00
420,Deployed,Synthetix,ETH/sETH: Velodrome,2023-04-26 15:12:59.000 UTC,2022-09-27 16:14:22.000 UTC,0.0,166498.0,0.0,0.0,0.0,Velodrome,2023-04-27 00:29:03.252288+00:00
421,Deployed,Velodrome,Distributor,2022-08-11 20:31:20.000 UTC,2022-08-11 20:31:20.000 UTC,0.0,139670.0,0.0,0.0,0.0,Velodrome,2023-04-27 00:29:03.252288+00:00
422,Deployed,Synthetix,USDC/SNX: Velodrome,2023-04-26 00:20:55.000 UTC,2022-09-27 16:14:22.000 UTC,0.0,135923.0,0.0,0.0,0.0,Velodrome,2023-04-27 00:29:03.252288+00:00
423,Deployed,QiDao,sUSDC/MAI: Velodrome,2023-04-26 00:07:28.000 UTC,2022-08-23 15:16:46.000 UTC,0.0,117627.0,0.0,0.0,0.0,Velodrome,2023-04-27 00:29:03.252288+00:00
424,Deployed,Overnight,USD+/USDC: Velodrome,2023-04-26 00:19:40.000 UTC,2022-09-26 18:33:11.000 UTC,0.0,46676.0,0.0,0.0,0.0,Velodrome,2023-04-27 00:29:03.252288+00:00
425,Other,1inch Swap,Other,2023-04-21 16:24:17.000 UTC,2022-09-07 20:56:26.000 UTC,36010.49380055,36010.49380055,0.0,0.0,0.0,Velodrome,2023-04-27 00:29:03.252288+00:00
426,Deployed,Overnight,USD+/DOLA: Velodrome,2023-04-26 00:07:28.000 UTC,2023-01-31 22:26:33.000 UTC,0.0,33881.0,0.0,0.0,0.0,Velodrome,2023-04-27 00:29:03.252288+00:00
427,Project,Alchemix,Season 2,2023-04-13 19:53:19.000 UTC,2022-08-18 14:53:05.000 UTC,0.0,30442.260611799997,0.0,30442.260611799997,0.0,Velodrome,2023-04-27 00:29:03.252288+00:00
428,Project,Synthetix,Phase 0,2023-03-30 18:19:03.000 UTC,2022-07-28 17:23:14.000 UTC,0.0,29953.540690600003,0.0,29953.540690600003,0.0,Velodrome,2023-04-27 00:29:03.252288+00:00
429,Deployed,Beefy Finance,BIFI/WETH: Velodrome,2023-04-26 00:07:28.000 UTC,2022-10-05 15:45:10.000 UTC,0.0,27688.0,0.0,0.0,0.0,Velodrome,2023-04-27 00:29:03.252288+00:00
430,Deployed,Beefy Finance,BIFI/OP: Velodrome,2023-04-26 00:20:55.000 UTC,2022-09-13 18:09:59.000 UTC,0.0,21023.0,0.0,0.0,0.0,Velodrome,2023-04-27 00:29:03.252288+00:00
431,Deployed,Rocket Pool,vWETH/rETH: Velodrome,2023-04-26 00:07:28.000 UTC,2023-02-15 16:00:28.000 UTC,0.0,19803.0,0.0,0.0,0.0,Velodrome,2023-04-27 00:29:03.252288+00:00
432,Project,Angle,Intermediate,2022-09-29 16:29:25.000 UTC,2022-07-28 19:09:57.000 UTC,0.0,17686.115516500002,0.0,17686.115516500002,0.0,Velodrome,2023-04-27 00:29:03.252288+00:00
433,Deployed,dHedge,DHT/OP: Velodrome,2023-04-26 00:07:28.000 UTC,2023-02-07 18:34:25.000 UTC,0.0,15856.0,0.0,0.0,0.0,Velodrome,2023-04-27 00:29:03.252288+00:00
434,Project,QiDao,Season 1,2022-10-14 17:03:13.000 UTC,2022-09-15 17:59:26.000 UTC,0.0,12055.337472,0.0,12055.337472,0.0,Velodrome,2023-04-27 00:29:03.252288+00:00
435,Deployed,Rocket Pool,sWETH/rETH: Velodrome,2023-02-01 15:29:37.000 UTC,2022-11-16 23:38:34.000 UTC,0.0,10904.0,0.0,0.0,0.0,Velodrome,2023-04-27 00:29:03.252288+00:00
436,Deployed,Overnight,USD+/LUSD: Velodrome,2023-04-26 15:12:59.000 UTC,2022-09-27 18:48:33.000 UTC,0.0,9292.0,0.0,0.0,0.0,Velodrome,2023-04-27 00:29:03.252288+00:00
437,Deployed,Alchemix,alETH/WETH: Velodrome,2023-04-26 00:20:55.000 UTC,2023-01-10 18:19:41.000 UTC,0.0,7443.0,0.0,0.0,0.0,Velodrome,2023-04-27 00:29:03.252288+00:00
438,Deployed,Layer2dao,L2DAO/OP: Velodrome,2022-09-07 17:20:56.000 UTC,2022-08-22 22:04:02.000 UTC,0.0,6800.0,0.0,0.0,0.0,Velodrome,2023-04-27 00:29:03.252288+00:00
439,Project,Lyra,Intermediate,2022-07-28 19:09:57.000 UTC,2022-07-28 19:09:57.000 UTC,0.0,5305.409,0.0,5305.409,0.0,Velodrome,2023-04-27 00:29:03.252288+00:00
440,Project,Thales,"Season 2,Phase 0,Season 3",2022-08-04 17:38:45.000 UTC,2022-07-28 19:09:57.000 UTC,0.0,5222.813,0.0,5222.813,0.0,Velodrome,2023-04-27 00:29:03.252288+00:00
441,Other,xToken LP ,Other,2022-10-28 17:53:45.000 UTC,2022-09-15 20:30:53.000 UTC,1569.7650130694146,1569.7650130694146,0.0,0.0,0.0,Velodrome,2023-04-27 00:29:03.252288+00:00
442,Project,Layer2dao,Phase 0,2022-08-18 18:10:47.000 UTC,2022-07-28 17:23:14.000 UTC,0.0,1557.33,0.0,1557.33,0.0,Velodrome,2023-04-27 00:29:03.252288+00:00
443,Deployed,Angle,OP/agEUR: Velodrome,2023-03-08 17:12:11.000 UTC,2023-02-22 15:33:12.000 UTC,0.0,1014.0,0.0,0.0,0.0,Velodrome,2023-04-27 00:29:03.252288+00:00
444,Project,Hop Protocol,Phase 0,2022-08-04 17:38:45.000 UTC,2022-08-04 17:38:45.000 UTC,0.0,552.193,0.0,552.193,0.0,Velodrome,2023-04-27 00:29:03.252288+00:00
445,Project,Perpetual Protocol,Phase 0,2022-07-28 19:08:11.000 UTC,2022-07-28 19:08:11.000 UTC,0.0,13.884,0.0,13.884,0.0,Velodrome,2023-04-27 00:29:03.252288+00:00
446,Project,Thales,"Season 2,Phase 0,Season 3",2022-08-05 09:46:36.000 UTC,2022-08-05 09:46:36.000 UTC,0.0,0.0,1302.0,0.0,0.0,Velodrome,2023-04-27 00:29:03.252288+00:00
447,Project,Layer2dao,Phase 0,2022-08-15 06:37:33.000 UTC,2022-07-19 04:10:24.000 UTC,0.0,0.0,24000.0,0.0,0.0,Velodrome,2023-04-27 00:29:03.252288+00:00
448,Project,Rocket Pool,Season 1,2022-11-18 04:58:58.000 UTC,2022-11-18 04:58:58.000 UTC,0.0,0.0,2143.0,0.0,0.0,Velodrome,2023-04-27 00:29:03.252288+00:00
449,Project,Aelin,Phase 0,2022-08-17 03:55:38.000 UTC,2022-07-19 11:52:43.000 UTC,0.0,0.0,19827.0,0.0,0.0,Velodrome,2023-04-27 00:29:03.252288+00:00
450,OP Foundation,OP Foundation Wallet,OP Foundation Grants,2023-02-09 20:01:34.000 UTC,2022-07-14 14:26:23.000 UTC,0.0,0.0,0.0,0.0,7001098.975280568,Velodrome,2023-04-27 00:29:03.252288+00:00
451,Other,Other,Other,2023-04-11 22:07:09.000 UTC,2023-04-11 22:07:09.000 UTC,100.0,100.0,0.0,0.0,0.0,Vesper,2023-04-27 00:29:03.252288+00:00
452,OP Foundation,OP Foundation Wallet,OP Foundation Grants,2023-03-18 12:16:01.000 UTC,2023-03-18 12:16:01.000 UTC,0.0,0.0,0.0,0.0,250000.0,Via Protocol,2023-04-27 00:29:03.252288+00:00
453,Other,Other,Other,2023-02-17 13:29:37.000 UTC,2023-02-17 13:12:42.000 UTC,10000.0,10000.0,0.0,0.0,0.0,WardenSwap,2023-04-27 00:29:03.252288+00:00
454,OP Foundation,OP Foundation Wallet,OP Foundation Grants,2022-11-26 18:31:40.000 UTC,2022-11-26 18:31:40.000 UTC,0.0,0.0,0.0,0.0,300000.0,WardenSwap,2023-04-27 00:29:03.252288+00:00
455,Deployed,WePiggy,LockDrop,2022-08-03 02:44:13.000 UTC,2022-08-03 02:44:13.000 UTC,0.0,212459.01639344302,0.0,0.0,0.0,WePiggy,2023-04-27 00:29:03.252288+00:00
456,Deployed,WePiggy,Distributor,2023-02-07 07:00:13.000 UTC,2022-08-01 07:28:55.000 UTC,0.0,206857.26777642147,0.0,0.0,0.0,WePiggy,2023-04-27 00:29:03.252288+00:00
457,Other,Other,Other,2023-04-18 15:00:24.000 UTC,2022-08-01 07:31:57.000 UTC,299665.47249134997,1728.5864264356524,0.0,0.0,0.0,WePiggy,2023-04-27 00:29:03.252288+00:00
458,OP Foundation,OP Foundation Wallet,OP Foundation Grants,2023-02-09 19:52:23.000 UTC,2022-07-26 06:28:57.000 UTC,0.0,0.0,0.0,0.0,300008.46695783624,WePiggy,2023-04-27 00:29:03.252288+00:00
459,Project,WePiggy,Intermediate,2022-11-17 07:07:23.000 UTC,2022-08-03 02:19:39.000 UTC,0.0,-121035.11328926511,0.0,0.0,0.0,WePiggy,2023-04-27 00:29:03.252288+00:00
460,OP Foundation,OP Foundation Wallet,OP Foundation Grants,2022-11-24 15:01:22.000 UTC,2022-11-24 15:01:22.000 UTC,0.0,0.0,0.0,0.0,1000000.0,Yearn,2023-04-27 00:29:03.252288+00:00
461,Other,Other,Other,2023-02-08 15:25:11.000 UTC,2022-07-08 00:49:09.000 UTC,452.0,452.0,0.0,0.0,0.0,Zeroex (0x),2023-04-27 00:29:03.252288+00:00
462,OP Foundation,OP Foundation Wallet,OP Foundation Grants,2022-07-08 21:22:57.000 UTC,2022-07-08 21:22:57.000 UTC,0.0,0.0,0.0,0.0,300000.0,Zeroex (0x),2023-04-27 00:29:03.252288+00:00
463,Other,Other,Other,2022-05-31 22:04:52.000 UTC,2022-05-31 22:04:52.000 UTC,2469.3580921499392,2469.3580921499392,0.0,0.0,0.0,Zipswap,2023-04-27 00:29:03.252288+00:00
464,OP Foundation,OP Foundation Wallet,OP Foundation Grants,2023-02-09 19:49:35.000 UTC,2023-02-09 19:49:35.000 UTC,0.0,0.0,0.0,0.0,26.43032894288744,Zipswap,2023-04-27 00:29:03.252288+00:00
465,Other,dForceOP Pool,Other,2023-03-07 00:27:50.000 UTC,2022-09-30 07:14:46.000 UTC,427704.44695763267,427704.44695763267,0.0,0.0,0.0,dForce,2023-04-27 00:29:03.252288+00:00
466,Deployed,dForce,Distributor,2023-02-15 17:49:37.000 UTC,2022-11-29 07:10:54.000 UTC,0.0,128209.39904148568,0.0,0.0,0.0,dForce,2023-04-27 00:29:03.252288+00:00
467,Other,Other,Other,2023-04-23 11:39:02.000 UTC,2022-09-23 03:19:26.000 UTC,148379.51198466154,0.0,0.0,0.0,0.0,dForce,2023-04-27 00:29:03.252288+00:00
468,OP Foundation,OP Foundation Wallet,OP Foundation Grants,2023-02-09 19:50:36.000 UTC,2022-09-30 07:12:01.000 UTC,0.0,0.0,0.0,0.0,300004.36205454264,dForce,2023-04-27 00:29:03.252288+00:00
469,Project,dForce,Intermediate,2023-01-07 03:26:10.000 UTC,2023-01-07 03:26:10.000 UTC,0.0,-200.08490309001738,0.0,0.0,0.0,dForce,2023-04-27 00:29:03.252288+00:00
470,Deployed,dHedge,Distributor,2023-03-23 11:42:36.000 UTC,2023-01-18 00:37:51.000 UTC,0.0,130000.0,0.0,0.0,0.0,dHedge,2023-04-27 00:29:03.252288+00:00
471,Other,Other,Other,2023-04-26 16:41:12.000 UTC,2022-06-01 01:52:22.000 UTC,283595.31989041716,109515.6587108821,0.0,0.0,0.0,dHedge,2023-04-27 00:29:03.252288+00:00
472,Deployed,dHedge,DHT/OP: Velodrome,2023-04-21 06:06:42.000 UTC,2023-02-02 04:29:59.000 UTC,0.0,32641.0,0.0,0.0,0.0,dHedge,2023-04-27 00:29:03.252288+00:00
473,OP Foundation,OP Foundation Wallet,OP Foundation Grants,2023-02-09 20:08:28.000 UTC,2022-10-21 01:42:51.000 UTC,0.0,0.0,0.0,0.0,352906.7140660299,dHedge,2023-04-27 00:29:03.252288+00:00
474,Project,Synthetix,Multisig - Distributor,2022-10-20 18:59:19.000 UTC,2022-10-20 18:59:19.000 UTC,0.0,0.0,7500.0,0.0,0.0,dHedge,2023-04-27 00:29:03.252288+00:00
475,Other,Other,Other,2023-04-24 14:44:12.000 UTC,2022-05-31 22:35:37.000 UTC,384637.6262740885,359842.53699759213,0.0,0.0,0.0,xToken,2023-04-27 00:29:03.252288+00:00
476,Deployed,xToken,Rewarder,2023-01-18 14:43:09.000 UTC,2023-01-18 14:43:09.000 UTC,0.0,24999.999999999996,0.0,0.0,0.0,xToken,2023-04-27 00:29:03.252288+00:00
477,OP Foundation,OP Foundation Wallet,OP Foundation Grants,2023-02-09 20:05:25.000 UTC,2022-09-13 21:24:23.000 UTC,0.0,0.0,0.0,0.0,600007.965053664,xToken,2023-04-27 00:29:03.252288+00:00
478,Other,xToken LP,Other,2023-01-21 00:08:00.000 UTC,2023-01-19 18:41:02.000 UTC,119.22212793537969,0.0,0.0,0.0,0.0,xToken,2023-04-27 00:29:03.252288+00:00
479,Project,Uniswap,Phase 0,2023-01-17 22:03:10.000 UTC,2022-10-25 21:30:41.000 UTC,0.0,0.0,83333.31999999999,0.0,0.0,xToken,2023-04-27 00:29:03.252288+00:00
