counterparty_label,counterparty_name,counterparty_type,max_block_time,min_block_time,op_claimed,op_deployed,op_from_other_projects,op_to_other_projects,op_to_project,project_name,last_updated
Deployed,1inch,Distributor,2022-09-05 11:36:07.000 UTC,2022-09-05 11:36:07.000 UTC,0.0,300000.0,0.0,0.0,0.0,1inch,2023-06-29 12:08:44.202429+00:00
OP Foundation,OP Foundation Wallet,OP Foundation Grants,2022-08-15 07:58:07.000 UTC,2022-08-15 07:58:07.000 UTC,0.0,0.0,0.0,0.0,300000.0,1inch,2023-06-29 12:08:44.202429+00:00
Other,Other,Other,2023-06-26 11:40:37.000 UTC,2022-09-06 08:46:57.000 UTC,29428.87361184561,0.0,0.0,0.0,0.0,1inch,2023-06-29 12:08:44.202429+00:00
Other,Other,Aave - Liquidity Mining,2023-06-29 08:56:35.000 UTC,2022-08-04 16:35:22.000 UTC,4826705.9178987695,4826705.9178987695,0.0,0.0,0.0,Aave,2023-06-29 12:08:44.202429+00:00
Other,Other,Other,2023-06-08 17:28:55.000 UTC,2023-06-08 00:23:39.000 UTC,300000.0,300000.0,0.0,0.0,0.0,Aave,2023-06-29 12:08:44.202429+00:00
Project,Other,Aave - Liquidity Mining,2023-02-28 09:32:30.000 UTC,2022-10-05 17:52:24.000 UTC,0.0,604.6917578271444,0.0,604.6917578271444,0.0,Aave,2023-06-29 12:08:44.202429+00:00
OP Foundation,OP Foundation Wallet,OP Foundation Grants,2022-08-03 16:35:55.000 UTC,2022-08-03 16:35:55.000 UTC,0.0,0.0,0.0,0.0,300000.0,Aave,2023-06-29 12:08:44.202429+00:00
Other,Other,Other,2023-04-18 17:41:29.000 UTC,2023-04-18 17:41:29.000 UTC,1.0,1.0,0.0,0.0,0.0,Across Protocol,2023-06-29 12:08:44.202429+00:00
OP Foundation,OP Foundation Wallet,OP Foundation Grants,2023-04-18 17:41:29.000 UTC,2023-04-18 17:41:29.000 UTC,0.0,0.0,0.0,0.0,750000.0,Across Protocol,2023-06-29 12:08:44.202429+00:00
Other,Other,Other,2022-09-18 02:45:15.000 UTC,2022-07-10 01:39:08.000 UTC,732067.786666667,732067.786666667,0.0,0.0,0.0,Aelin,2023-06-29 12:08:44.202429+00:00
Other,Aelin user,Other,2022-09-18 02:45:15.000 UTC,2022-09-18 02:45:15.000 UTC,148106.21333333335,148106.21333333335,0.0,0.0,0.0,Aelin,2023-06-29 12:08:44.202429+00:00
Project,Velodrome,"Season 2,Intermediate",2022-08-17 03:55:38.000 UTC,2022-07-19 11:52:43.000 UTC,0.0,19827.0,0.0,19827.0,0.0,Aelin,2023-06-29 12:08:44.202429+00:00
OP Foundation,OP Foundation Wallet,OP Foundation Grants,2022-07-14 03:34:07.000 UTC,2022-07-14 03:34:07.000 UTC,0.0,0.0,0.0,0.0,900000.0,Aelin,2023-06-29 12:08:44.202429+00:00
Other,Other,Other,2023-06-29 10:32:43.000 UTC,2022-05-31 14:39:05.000 UTC,166080890.59069225,166080890.59069225,0.0,0.0,0.0,Airdrop #1 Distributor,2023-06-29 12:08:44.202429+00:00
Other,xToken LP,Other,2022-05-31 17:43:15.000 UTC,2022-05-31 17:43:15.000 UTC,7477.66485246904,7477.66485246904,0.0,0.0,0.0,Airdrop #1 Distributor,2023-06-29 12:08:44.202429+00:00
Other,Aelin user,Other,2022-08-16 18:33:24.000 UTC,2022-08-16 18:33:24.000 UTC,7331.1651194665,7331.1651194665,0.0,0.0,0.0,Airdrop #1 Distributor,2023-06-29 12:08:44.202429+00:00
Deployed,Thales,Distributor,2022-06-08 21:38:03.000 UTC,2022-06-01 11:40:13.000 UTC,0.0,6905.851248523099,0.0,0.0,0.0,Airdrop #1 Distributor,2023-06-29 12:08:44.202429+00:00
Other,Lyra Unknown,Other,2022-05-31 23:24:22.000 UTC,2022-05-31 23:24:22.000 UTC,2469.3580921499392,2469.3580921499392,0.0,0.0,0.0,Airdrop #1 Distributor,2023-06-29 12:08:44.202429+00:00
Other,Other,Other,2023-06-29 10:33:57.000 UTC,2023-01-20 12:49:04.000 UTC,63969.696640436174,60171.07549093634,0.0,0.0,0.0,Alchemix,2023-06-29 12:08:44.202429+00:00
Deployed,Alchemix,alETH/WETH: Velodrome,2023-06-10 16:48:33.000 UTC,2023-01-08 01:17:36.000 UTC,0.0,36500.0,0.0,0.0,0.0,Alchemix,2023-06-29 12:08:44.202429+00:00
OP Foundation,OP Foundation Wallet,OP Foundation Grants,2023-01-08 01:17:36.000 UTC,2023-01-08 01:17:36.000 UTC,0.0,0.0,0.0,0.0,250000.0,Alchemix,2023-06-29 12:08:44.202429+00:00
Project,Velodrome,Intermediate Disperser,2023-06-08 19:01:03.000 UTC,2022-08-18 14:53:05.000 UTC,0.0,0.0,36111.9196864,0.0,0.0,Alchemix,2023-06-29 12:08:44.202429+00:00
Project,Alchemix,Season 2,2023-06-24 20:08:19.000 UTC,2023-01-13 05:11:28.000 UTC,0.0,-42308.35996530895,0.0,0.0,0.0,Alchemix,2023-06-29 12:08:44.202429+00:00
Deployed,Angle,USDC/agEUR: Uniswap,2023-06-26 18:08:59.000 UTC,2023-02-23 11:29:25.000 UTC,0.0,23200.0,0.0,0.0,0.0,Angle,2023-06-29 12:08:44.202429+00:00
Other,Other,Other,2023-06-28 23:11:31.000 UTC,2022-08-22 06:24:37.000 UTC,71905.9703456643,18029.439328,0.0,0.0,0.0,Angle,2023-06-29 12:08:44.202429+00:00
Deployed,Angle,agEUR/MAI: Velodrome,2023-03-06 11:10:16.000 UTC,2022-09-12 07:32:40.000 UTC,0.0,14790.56,0.0,0.0,0.0,Angle,2023-06-29 12:08:44.202429+00:00
Deployed,Angle,OP/agEUR: Velodrome,2023-06-21 13:03:17.000 UTC,2023-02-20 12:07:35.000 UTC,0.0,8700.0,0.0,0.0,0.0,Angle,2023-06-29 12:08:44.202429+00:00
Other,1inch Swap,Other,2023-04-26 10:17:37.000 UTC,2023-02-10 10:37:21.000 UTC,515.0,515.0,0.0,0.0,0.0,Angle,2023-06-29 12:08:44.202429+00:00
Project,Velodrome,Intermediate Disperser,2022-09-29 16:29:25.000 UTC,2022-07-28 19:09:57.000 UTC,0.0,0.0,17686.115516500002,0.0,0.0,Angle,2023-06-29 12:08:44.202429+00:00
OP Foundation,OP Foundation Wallet,OP Foundation Grants,2023-02-09 19:02:41.000 UTC,2022-11-28 08:45:44.000 UTC,0.0,0.0,0.0,0.0,250975.89612553475,Angle,2023-06-29 12:08:44.202429+00:00
Project,Angle,Contract Deplopyer,2023-05-12 14:57:21.000 UTC,2023-02-24 14:12:39.000 UTC,0.0,-87.80453911238342,0.0,0.0,0.0,Angle,2023-06-29 12:08:44.202429+00:00
Project,Angle,Intermediate,2023-06-26 12:49:03.000 UTC,2022-09-09 15:02:58.000 UTC,0.0,-17240.15869057943,0.0,0.0,0.0,Angle,2023-06-29 12:08:44.202429+00:00
Other,Other,Other,2023-04-20 13:13:34.000 UTC,2023-04-20 13:13:34.000 UTC,2.0,2.0,0.0,0.0,0.0,Another World,2023-06-29 12:08:44.202429+00:00
OP Foundation,OP Foundation Sentry Wallet,OP Foundation Grants,2023-05-03 19:10:37.000 UTC,2023-05-03 19:10:37.000 UTC,0.0,0.0,0.0,0.0,20000.0,Another World,2023-06-29 12:08:44.202429+00:00
OP Foundation,OP Foundation Wallet,OP Foundation Grants,2023-02-02 23:58:38.000 UTC,2023-02-02 23:58:38.000 UTC,0.0,0.0,0.0,0.0,3000.0,Another World,2023-06-29 12:08:44.202429+00:00
Other,Other,Other,2023-06-28 16:27:31.000 UTC,2022-10-25 13:01:54.000 UTC,381103.08173997945,192363.40666666665,0.0,0.0,0.0,Arrakis Finance,2023-06-29 12:08:44.202429+00:00
Deployed,Arrakis Finance,Partner Fund,2023-02-03 20:24:52.000 UTC,2022-10-26 10:30:04.000 UTC,0.0,11806.653333333332,0.0,0.0,0.0,Arrakis Finance,2023-06-29 12:08:44.202429+00:00
Project,Uniswap,Phase 0,2023-05-01 18:34:16.000 UTC,2022-10-26 13:08:02.000 UTC,0.0,0.0,204166.66,0.0,0.0,Arrakis Finance,2023-06-29 12:08:44.202429+00:00
Other,Other,Other,2023-04-20 21:42:24.000 UTC,2023-04-20 21:38:05.000 UTC,44342.3,44342.3,0.0,0.0,0.0,Attestation Station Interface,2023-06-29 12:08:44.202429+00:00
OP Foundation,OP Foundation Sentry Wallet,OP Foundation Grants,2023-04-20 21:35:49.000 UTC,2023-04-20 21:35:49.000 UTC,0.0,0.0,0.0,0.0,44342.299999999996,Attestation Station Interface,2023-06-29 12:08:44.202429+00:00
Other,Other,Other,2023-04-20 19:45:58.000 UTC,2022-10-20 17:08:57.000 UTC,91066.79,91066.79,0.0,0.0,0.0,Bankless Academy,2023-06-29 12:08:44.202429+00:00
OP Foundation,OP Foundation Wallet,OP Foundation Grants,2022-10-20 10:16:39.000 UTC,2022-10-20 10:16:39.000 UTC,0.0,0.0,0.0,0.0,33000.0,Bankless Academy,2023-06-29 12:08:44.202429+00:00
OP Foundation,OP Foundation Sentry Wallet,OP Foundation Grants,2023-04-20 19:37:54.000 UTC,2023-04-20 19:37:54.000 UTC,0.0,0.0,0.0,0.0,58066.79,Bankless Academy,2023-06-29 12:08:44.202429+00:00
Other,Other,Other,2023-06-29 04:36:39.000 UTC,2022-09-13 16:38:10.000 UTC,406400.35664429725,161616.0,0.0,0.0,0.0,Beefy Finance,2023-06-29 12:08:44.202429+00:00
Deployed,Beefy Finance,BIFI/WETH: Velodrome,2023-06-20 14:13:11.000 UTC,2022-10-07 08:45:18.000 UTC,0.0,102175.0,0.0,0.0,0.0,Beefy Finance,2023-06-29 12:08:44.202429+00:00
Deployed,Beefy Finance,BIFI/OP: Velodrome,2023-06-20 14:12:37.000 UTC,2022-09-13 16:46:50.000 UTC,0.0,47700.0,0.0,0.0,0.0,Beefy Finance,2023-06-29 12:08:44.202429+00:00
Deployed,Beefy Finance,Beefy Launchpool,2022-12-19 12:31:28.000 UTC,2022-10-25 17:14:55.000 UTC,0.0,44999.0,0.0,0.0,0.0,Beefy Finance,2023-06-29 12:08:44.202429+00:00
Other,1inch Swap,Other,2023-03-27 20:38:41.000 UTC,2023-01-30 22:42:23.000 UTC,13465.0,13465.0,0.0,0.0,0.0,Beefy Finance,2023-06-29 12:08:44.202429+00:00
Other,xToken LP ,Other,2023-03-02 17:58:25.000 UTC,2023-03-02 17:58:25.000 UTC,6.672569447080187,6.672569447080187,0.0,0.0,0.0,Beefy Finance,2023-06-29 12:08:44.202429+00:00
Project,Lido,Intermediate Wallet,2023-06-20 15:14:09.000 UTC,2023-04-07 09:44:41.000 UTC,0.0,0.0,10000.0,0.0,0.0,Beefy Finance,2023-06-29 12:08:44.202429+00:00
OP Foundation,OP Foundation Wallet,OP Foundation Grants,2023-02-09 19:32:57.000 UTC,2022-09-12 21:18:28.000 UTC,0.0,0.0,0.0,0.0,650006.6725694471,Beefy Finance,2023-06-29 12:08:44.202429+00:00
Project,Stargate Finance,Phase 0,2023-03-15 17:32:54.000 UTC,2023-03-15 17:32:54.000 UTC,0.0,0.0,75000.0,0.0,0.0,Beefy Finance,2023-06-29 12:08:44.202429+00:00
Deployed,Beethoven X,Pool,2023-01-05 21:54:07.000 UTC,2022-09-29 17:01:37.000 UTC,0.0,119647.51000000001,0.0,0.0,0.0,Beethoven X,2023-06-29 12:08:44.202429+00:00
Other,Other,Other,2023-06-27 06:54:49.000 UTC,2022-08-19 22:07:10.000 UTC,236155.37999999995,89303.13,0.0,0.0,0.0,Beethoven X,2023-06-29 12:08:44.202429+00:00
Deployed,Beethoven X,Distributor,2023-01-05 21:54:07.000 UTC,2022-11-24 17:30:49.000 UTC,0.0,27204.739999999998,0.0,0.0,0.0,Beethoven X,2023-06-29 12:08:44.202429+00:00
Deployed,Overnight,BPT-USD+: Beethoven X,2023-03-17 15:16:32.000 UTC,2022-12-22 19:59:52.000 UTC,0.0,20418.58,0.0,0.0,0.0,Beethoven X,2023-06-29 12:08:44.202429+00:00
Project,Rocket Pool,Season 1,2023-06-27 06:55:49.000 UTC,2023-05-28 12:24:18.000 UTC,0.0,14331.0,0.0,14331.0,0.0,Beethoven X,2023-06-29 12:08:44.202429+00:00
Deployed,Rocket Pool,WETH/rETH: Beethoven X,2023-05-13 20:16:13.000 UTC,2022-12-22 19:59:52.000 UTC,0.0,4435.63,0.0,0.0,0.0,Beethoven X,2023-06-29 12:08:44.202429+00:00
Project,Overnight,Season 2,2023-03-03 13:38:51.000 UTC,2023-03-03 13:38:51.000 UTC,0.0,1300.0,0.0,1300.0,0.0,Beethoven X,2023-06-29 12:08:44.202429+00:00
Project,QiDao,Season 1,2023-01-12 21:51:10.000 UTC,2023-01-12 21:51:10.000 UTC,0.0,900.0,0.0,900.0,0.0,Beethoven X,2023-06-29 12:08:44.202429+00:00
Project,Lido,Intermediate Wallet,2023-04-07 09:44:41.000 UTC,2023-04-07 09:44:41.000 UTC,0.0,0.0,6000.0,0.0,0.0,Beethoven X,2023-06-29 12:08:44.202429+00:00
OP Foundation,OP Foundation Wallet,OP Foundation Grants,2022-08-09 13:31:33.000 UTC,2022-08-09 13:31:33.000 UTC,0.0,0.0,0.0,0.0,500000.0,Beethoven X,2023-06-29 12:08:44.202429+00:00
Project,QiDao,Season 1,2022-12-21 22:26:14.000 UTC,2022-09-29 17:54:56.000 UTC,0.0,0.0,29092.0,0.0,0.0,Beethoven X,2023-06-29 12:08:44.202429+00:00
Project,Overnight,Season 2,2023-04-06 15:20:56.000 UTC,2023-01-17 08:52:43.000 UTC,0.0,0.0,23500.000000000033,0.0,0.0,Beethoven X,2023-06-29 12:08:44.202429+00:00
OP Foundation,OP Foundation Wallet,OP Foundation Grants,2022-09-02 08:44:30.000 UTC,2022-09-02 08:44:30.000 UTC,0.0,0.0,0.0,0.0,750000.0,Biconomy,2023-06-29 12:08:44.202429+00:00
Other,Other,Other,2022-11-11 13:50:17.000 UTC,2022-11-01 16:14:31.000 UTC,92000.0,92000.0,0.0,0.0,0.0,Boardroom,2023-06-29 12:08:44.202429+00:00
OP Foundation,OP Foundation Wallet,OP Foundation Grants,2022-08-26 17:27:27.000 UTC,2022-08-26 17:27:27.000 UTC,0.0,0.0,0.0,0.0,99999.99999999999,Boardroom,2023-06-29 12:08:44.202429+00:00
Project,OptiChads,Intermediate,2023-05-15 14:13:11.000 UTC,2023-05-15 14:13:11.000 UTC,0.0,2000.0,0.0,2000.0,0.0,Bored Town,2023-06-29 12:08:44.202429+00:00
OP Foundation,OP Foundation Sentry Wallet,OP Foundation Grants,2023-05-03 22:45:19.000 UTC,2023-05-03 22:45:19.000 UTC,0.0,0.0,0.0,0.0,20000.0,Bored Town,2023-06-29 12:08:44.202429+00:00
Other,Other,Other,2023-06-16 18:35:19.000 UTC,2022-08-16 10:17:15.000 UTC,70526.6,70526.6,0.0,0.0,0.0,Candide Wallet,2023-06-29 12:08:44.202429+00:00
OP Foundation,OP Foundation Wallet,OP Foundation Grants,2022-08-09 12:31:03.000 UTC,2022-08-09 12:28:28.000 UTC,0.0,0.0,0.0,0.0,190000.0,Candide Wallet,2023-06-29 12:08:44.202429+00:00
OP Foundation,OP Foundation Sentry Wallet,OP Foundation Grants,2023-05-07 19:03:26.000 UTC,2023-05-07 18:52:27.000 UTC,0.0,0.0,0.0,0.0,37888.81,Candide Wallet,2023-06-29 12:08:44.202429+00:00
Deployed,Celer,"Liquidity Mining Distributor,Distributor",2023-06-22 10:15:39.000 UTC,2022-08-11 13:37:11.000 UTC,0.0,220001.0,0.0,0.0,0.0,Celer,2023-06-29 12:08:44.202429+00:00
Deployed,Celer,Incentive Events Reward,2023-05-02 01:58:08.000 UTC,2022-11-15 02:36:57.000 UTC,0.0,30000.0,0.0,0.0,0.0,Celer,2023-06-29 12:08:44.202429+00:00
Other,Other,Other,2023-06-28 18:09:51.000 UTC,2022-08-13 02:54:01.000 UTC,221432.43713445784,0.0,0.0,0.0,0.0,Celer,2023-06-29 12:08:44.202429+00:00
OP Foundation,OP Foundation Wallet,OP Foundation Grants,2022-08-04 06:56:59.000 UTC,2022-08-04 06:56:59.000 UTC,0.0,0.0,0.0,0.0,1000000.0,Celer,2023-06-29 12:08:44.202429+00:00
OP Foundation,OP Foundation Wallet,OP Foundation Grants,2022-08-03 16:35:25.000 UTC,2022-08-03 16:35:25.000 UTC,0.0,0.0,0.0,0.0,1000000.0,Chainlink,2023-06-29 12:08:44.202429+00:00
Deployed,Clipper,Distributor,2023-01-21 10:24:24.000 UTC,2023-01-21 10:24:24.000 UTC,0.0,148585.0,0.0,0.0,0.0,Clipper,2023-06-29 12:08:44.202429+00:00
Other,Other,Other,2023-06-28 16:15:15.000 UTC,2022-07-07 22:12:38.000 UTC,156814.0,29349.0,0.0,0.0,0.0,Clipper,2023-06-29 12:08:44.202429+00:00
Other,xToken LP,Other,2023-01-25 14:11:08.000 UTC,2023-01-25 14:11:08.000 UTC,5.0,0.0,0.0,0.0,0.0,Clipper,2023-06-29 12:08:44.202429+00:00
OP Foundation,OP Foundation Wallet,OP Foundation Grants,2022-07-08 21:22:57.000 UTC,2022-07-08 21:22:57.000 UTC,0.0,0.0,0.0,0.0,300000.0,Clipper,2023-06-29 12:08:44.202429+00:00
Other,Other,Other,2023-06-28 18:56:05.000 UTC,2023-04-10 20:47:12.000 UTC,1293.0,1293.0,0.0,0.0,0.0,Crypto LDFM,2023-06-29 12:08:44.202429+00:00
OP Foundation,OP Foundation Wallet,OP Foundation Grants,2023-04-06 22:05:05.000 UTC,2023-04-06 22:05:05.000 UTC,0.0,0.0,0.0,0.0,4000.0,Crypto LDFM,2023-06-29 12:08:44.202429+00:00
Other,Other,Other,2022-12-19 09:43:27.000 UTC,2022-12-19 09:43:27.000 UTC,4987.0,4987.0,0.0,0.0,0.0,CryptoTesters,2023-06-29 12:08:44.202429+00:00
OP Foundation,OP Foundation Wallet,OP Foundation Grants,2022-12-15 22:36:40.000 UTC,2022-12-15 22:36:40.000 UTC,0.0,0.0,0.0,0.0,4652.0,CryptoTesters,2023-06-29 12:08:44.202429+00:00
OP Foundation,OP Foundation Wallet,OP Foundation Grants,2023-02-09 19:52:23.000 UTC,2023-02-09 19:52:23.000 UTC,0.0,0.0,0.0,0.0,7.825881577376167,DeNotify,2023-06-29 12:08:44.202429+00:00
Other,Other,Other,2023-05-08 12:01:25.000 UTC,2023-01-19 11:42:35.000 UTC,192577.6728268863,192577.6728268863,0.0,0.0,0.0,DefiEdge,2023-06-29 12:08:44.202429+00:00
Other,1inch Swap,Other,2023-02-24 07:30:27.000 UTC,2023-02-24 07:14:57.000 UTC,387.58787711973537,387.58787711973537,0.0,0.0,0.0,DefiEdge,2023-06-29 12:08:44.202429+00:00
OP Foundation,OP Foundation Wallet,OP Foundation Grants,2023-02-09 19:43:24.000 UTC,2023-02-09 19:43:24.000 UTC,0.0,0.0,0.0,0.0,4.1843535627035795,DefiEdge,2023-06-29 12:08:44.202429+00:00
Project,Uniswap,Phase 0,2023-05-01 18:33:01.000 UTC,2023-01-18 05:00:01.000 UTC,0.0,0.0,187500.0,0.0,0.0,DefiEdge,2023-06-29 12:08:44.202429+00:00
Other,Other,Other,2023-06-22 02:51:19.000 UTC,2023-01-01 18:22:59.000 UTC,196507.0,196507.0,0.0,0.0,0.0,DefiLlama,2023-06-29 12:08:44.202429+00:00
OP Foundation,OP Foundation Wallet,OP Foundation Grants,2022-12-26 20:23:15.000 UTC,2022-12-26 20:23:15.000 UTC,0.0,0.0,0.0,0.0,300000.0,DefiLlama,2023-06-29 12:08:44.202429+00:00
Other,Other,Other,2023-04-26 04:41:38.000 UTC,2023-02-16 06:14:45.000 UTC,32682.3,32682.3,0.0,0.0,0.0,Dope Wars,2023-06-29 12:08:44.202429+00:00
OP Foundation,OP Foundation Wallet,OP Foundation Grants,2022-11-17 08:16:13.000 UTC,2022-11-17 08:16:13.000 UTC,0.0,0.0,0.0,0.0,300000.0,Dope Wars,2023-06-29 12:08:44.202429+00:00
Other,Other,Other,2023-06-13 13:06:59.000 UTC,2023-04-28 15:04:05.000 UTC,13930.17,13930.17,0.0,0.0,0.0,ENS Wildcard Domains,2023-06-29 12:08:44.202429+00:00
OP Foundation,OP Foundation Sentry Wallet,OP Foundation Grants,2023-04-27 09:41:44.000 UTC,2023-04-27 09:41:44.000 UTC,0.0,0.0,0.0,0.0,13930.17,ENS Wildcard Domains,2023-06-29 12:08:44.202429+00:00
Other,Other,Other,2023-06-23 20:11:51.000 UTC,2023-01-01 21:20:05.000 UTC,69045.0,69045.0,0.0,0.0,0.0,EthernautDAO,2023-06-29 12:08:44.202429+00:00
OP Foundation,OP Foundation Wallet,OP Foundation Grants,2022-11-29 14:03:58.000 UTC,2022-11-29 14:03:58.000 UTC,0.0,0.0,0.0,0.0,120000.0,EthernautDAO,2023-06-29 12:08:44.202429+00:00
OP Foundation,OP Foundation Sentry Wallet,OP Foundation Grants,2023-06-26 18:46:17.000 UTC,2023-06-26 18:46:17.000 UTC,0.0,0.0,0.0,0.0,63437.9,EthernautDAO,2023-06-29 12:08:44.202429+00:00
Deployed,Exactly,Distributor Multisig,2023-06-22 13:19:21.000 UTC,2023-04-03 12:14:35.000 UTC,0.0,412499.99999999994,0.0,0.0,0.0,Exactly,2023-06-29 12:08:44.202429+00:00
Other,Other,Other,2023-06-29 11:07:45.000 UTC,2023-04-03 14:26:20.000 UTC,251634.73701835872,0.0,0.0,0.0,0.0,Exactly,2023-06-29 12:08:44.202429+00:00
Other,Aelin user,Other,2023-04-12 21:39:09.000 UTC,2023-04-12 21:39:09.000 UTC,25.604753687998336,0.0,0.0,0.0,0.0,Exactly,2023-06-29 12:08:44.202429+00:00
OP Foundation,OP Foundation Wallet,OP Foundation Grants,2023-03-10 04:26:29.000 UTC,2023-03-10 04:26:29.000 UTC,0.0,0.0,0.0,0.0,99999.99999999999,Exactly,2023-06-29 12:08:44.202429+00:00
OP Foundation,OP Foundation Sentry Wallet,OP Foundation Grants,2023-06-22 12:06:15.000 UTC,2023-05-05 14:54:03.000 UTC,0.0,0.0,0.0,0.0,299999.99999999994,Exactly,2023-06-29 12:08:44.202429+00:00
Other,xToken LP ,Other,2023-06-26 09:47:33.000 UTC,2023-06-26 09:47:33.000 UTC,9958.317749849724,9958.317749849724,0.0,0.0,0.0,Galxe,2023-06-29 12:08:44.202429+00:00
Project,Stargate Finance,Phase 0,2023-05-28 18:50:28.000 UTC,2023-05-28 18:50:28.000 UTC,0.0,0.0,45000.0,0.0,0.0,Galxe,2023-06-29 12:08:44.202429+00:00
OP Foundation,OP Foundation Sentry Wallet,OP Foundation Grants,2023-06-22 04:41:43.000 UTC,2023-06-05 05:55:56.000 UTC,0.0,0.0,0.0,0.0,200000.0,Galxe,2023-06-29 12:08:44.202429+00:00
Other,Other,Other,2023-06-28 16:31:31.000 UTC,2023-03-14 22:10:38.000 UTC,192620.52233150104,0.0,0.0,0.0,0.0,Gamma,2023-06-29 12:08:44.202429+00:00
Other,xToken LP,Other,2023-05-05 03:22:09.000 UTC,2023-03-22 19:22:13.000 UTC,556.3821721337442,0.0,0.0,0.0,0.0,Gamma,2023-06-29 12:08:44.202429+00:00
Other,Other,Other,2023-05-12 16:44:38.000 UTC,2022-07-08 07:32:26.000 UTC,61927.923697260376,61927.923697260376,0.0,0.0,0.0,Gelato,2023-06-29 12:08:44.202429+00:00
Other,xToken LP ,Other,2022-12-07 12:23:13.000 UTC,2022-12-07 12:23:13.000 UTC,48036.998581835775,48036.998581835775,0.0,0.0,0.0,Gelato,2023-06-29 12:08:44.202429+00:00
OP Foundation,OP Foundation Wallet,OP Foundation Grants,2022-07-08 21:22:57.000 UTC,2022-07-08 21:22:57.000 UTC,0.0,0.0,0.0,0.0,300000.0,Gelato,2023-06-29 12:08:44.202429+00:00
OP Foundation,OP Foundation Sentry Wallet,OP Foundation Grants,2023-06-20 07:29:11.000 UTC,2023-06-20 07:29:11.000 UTC,0.0,0.0,0.0,0.0,17983.16,Gelato,2023-06-29 12:08:44.202429+00:00
Other,Other,Other,2023-06-16 21:12:53.000 UTC,2023-01-26 00:41:26.000 UTC,21778.5,21778.5,0.0,0.0,0.0,Geo Web,2023-06-29 12:08:44.202429+00:00
OP Foundation,OP Foundation Sentry Wallet,OP Foundation Grants,2023-05-11 19:47:15.000 UTC,2023-05-11 19:47:15.000 UTC,0.0,0.0,0.0,0.0,800.0,Geo Web,2023-06-29 12:08:44.202429+00:00
OP Foundation,OP Foundation Wallet,OP Foundation Grants,2023-01-20 18:42:08.000 UTC,2023-01-20 18:42:08.000 UTC,0.0,0.0,0.0,0.0,20000.0,Geo Web,2023-06-29 12:08:44.202429+00:00
Other,Other,Other,2023-04-25 06:45:05.000 UTC,2023-04-25 06:45:05.000 UTC,129814.43,129814.43,0.0,0.0,0.0,Giveth,2023-06-29 12:08:44.202429+00:00
OP Foundation,OP Foundation Sentry Wallet,OP Foundation Grants,2023-04-25 06:45:05.000 UTC,2023-04-25 06:45:05.000 UTC,0.0,0.0,0.0,0.0,129814.43,Giveth,2023-06-29 12:08:44.202429+00:00
OP Foundation,OP Foundation Wallet,OP Foundation Grants,2023-04-26 18:53:25.000 UTC,2023-04-26 18:53:25.000 UTC,0.0,0.0,0.0,0.0,500000.0,Gnosis Safe,2023-06-29 12:08:44.202429+00:00
Deployed,Hop Protocol,Distributor,2023-05-10 14:56:44.000 UTC,2022-10-05 03:38:02.000 UTC,0.0,204739.0403595078,0.0,0.0,0.0,Hop Protocol,2023-06-29 12:08:44.202429+00:00
Project,Velodrome,Intermediate Disperser,2022-08-04 17:38:45.000 UTC,2022-08-04 17:38:45.000 UTC,0.0,0.0,552.193,0.0,0.0,Hop Protocol,2023-06-29 12:08:44.202429+00:00
Other,Other,Other,2023-06-29 10:41:01.000 UTC,2022-10-05 04:43:14.000 UTC,91435.94891058226,0.0,0.0,0.0,0.0,Hop Protocol,2023-06-29 12:08:44.202429+00:00
OP Foundation,OP Foundation Wallet,OP Foundation Grants,2022-10-03 02:22:28.000 UTC,2022-10-03 02:22:28.000 UTC,0.0,0.0,0.0,0.0,1000000.0,Hop Protocol,2023-06-29 12:08:44.202429+00:00
Deployed,Hundred Finance,pool,2023-01-18 13:44:33.000 UTC,2022-11-28 12:22:16.000 UTC,0.0,84687.5,0.0,0.0,0.0,Hundred Finance,2023-06-29 12:08:44.202429+00:00
Deployed,Hundred Finance,Token Treasury,2023-03-23 09:03:20.000 UTC,2023-01-11 13:14:49.000 UTC,0.0,72010.0,0.0,0.0,0.0,Hundred Finance,2023-06-29 12:08:44.202429+00:00
Other,Other,Other,2023-06-25 10:04:41.000 UTC,2022-11-28 12:22:16.000 UTC,151282.48021809373,10625.0,0.0,0.0,0.0,Hundred Finance,2023-06-29 12:08:44.202429+00:00
OP Foundation,OP Foundation Wallet,OP Foundation Grants,2022-08-26 08:28:32.000 UTC,2022-08-26 08:28:32.000 UTC,0.0,0.0,0.0,0.0,300000.0,Hundred Finance,2023-06-29 12:08:44.202429+00:00
Other,xToken LP,Other,2022-12-16 20:09:40.000 UTC,2022-11-30 00:50:01.000 UTC,236.66196500528164,0.0,0.0,0.0,0.0,Hundred Finance,2023-06-29 12:08:44.202429+00:00
Project,Hundred Finance,Season 1,2023-04-18 08:41:52.000 UTC,2023-04-18 08:41:52.000 UTC,0.0,-6000.0,0.0,0.0,0.0,Hundred Finance,2023-06-29 12:08:44.202429+00:00
OP Foundation,OP Foundation Wallet,OP Foundation Grants,2023-04-19 10:49:58.000 UTC,2023-04-19 10:49:58.000 UTC,0.0,0.0,0.0,0.0,99999.99999999999,InsureDAO,2023-06-29 12:08:44.202429+00:00
Other,Other,Other,2023-05-08 17:43:38.000 UTC,2022-12-09 22:19:41.000 UTC,40880.0,40880.0,0.0,0.0,0.0,Interest Protocol,2023-06-29 12:08:44.202429+00:00
OP Foundation,OP Foundation Wallet,OP Foundation Grants,2023-03-17 15:34:19.000 UTC,2022-12-06 19:56:05.000 UTC,0.0,0.0,0.0,0.0,21630.0,Interest Protocol,2023-06-29 12:08:44.202429+00:00
OP Foundation,OP Foundation Sentry Wallet,OP Foundation Grants,2023-05-03 17:11:05.000 UTC,2023-04-19 18:48:39.000 UTC,0.0,0.0,0.0,0.0,19250.0,Interest Protocol,2023-06-29 12:08:44.202429+00:00
Other,Other,Other,2023-04-21 04:04:48.000 UTC,2023-04-21 04:04:48.000 UTC,18994.87,18994.87,0.0,0.0,0.0,JiffyScan,2023-06-29 12:08:44.202429+00:00
OP Foundation,OP Foundation Sentry Wallet,OP Foundation Grants,2023-04-21 04:03:18.000 UTC,2023-04-21 04:03:18.000 UTC,0.0,0.0,0.0,0.0,18994.87,JiffyScan,2023-06-29 12:08:44.202429+00:00
Deployed,Karma,Karma - Grant,2023-02-13 02:23:59.000 UTC,2023-02-13 02:20:28.000 UTC,0.0,23055.926025839133,0.0,0.0,0.0,Karma,2023-06-29 12:08:44.202429+00:00
Other,Other,Other,2023-04-19 16:38:58.000 UTC,2022-12-15 07:01:35.000 UTC,2500.92,2500.0,0.0,0.0,0.0,Karma,2023-06-29 12:08:44.202429+00:00
OP Foundation,OP Foundation Wallet,OP Foundation Grants,2022-12-15 06:59:05.000 UTC,2022-12-15 06:59:05.000 UTC,0.0,0.0,0.0,0.0,24999.999999999996,Karma,2023-06-29 12:08:44.202429+00:00
Other,Other,Other,2023-05-03 20:25:42.000 UTC,2023-05-03 20:25:42.000 UTC,90000.0,90000.0,0.0,0.0,0.0,Kromatika,2023-06-29 12:08:44.202429+00:00
OP Foundation,OP Foundation Wallet,OP Foundation Grants,2022-11-06 17:07:30.000 UTC,2022-11-06 17:07:30.000 UTC,0.0,0.0,0.0,0.0,300000.0,Kromatika,2023-06-29 12:08:44.202429+00:00
Deployed,Kwenta,Distributor,2023-04-25 11:57:30.000 UTC,2022-08-15 19:31:21.000 UTC,0.0,911570.0,0.0,0.0,0.0,Kwenta,2023-06-29 12:08:44.202429+00:00
Other,Other,Other,2023-06-29 10:52:41.000 UTC,2022-07-11 22:11:36.000 UTC,515134.44695638074,1.0,0.0,0.0,0.0,Kwenta,2023-06-29 12:08:44.202429+00:00
OP Foundation,OP Foundation Wallet,OP Foundation Grants,2022-07-15 14:58:43.000 UTC,2022-07-15 14:58:43.000 UTC,0.0,0.0,0.0,0.0,900000.0,Kwenta,2023-06-29 12:08:44.202429+00:00
Other,Aelin user,Other,2023-06-01 17:01:40.000 UTC,2023-05-17 19:33:38.000 UTC,131.94329923905968,0.0,0.0,0.0,0.0,Kwenta,2023-06-29 12:08:44.202429+00:00
Project,Polynomial Protocol,Phase 0,2022-08-15 07:49:57.000 UTC,2022-08-15 07:49:57.000 UTC,0.0,0.0,11570.0,0.0,0.0,Kwenta,2023-06-29 12:08:44.202429+00:00
Other,Other,Other,2023-06-12 11:27:37.000 UTC,2022-11-20 07:09:11.000 UTC,78408.10950235506,78408.10950235506,0.0,0.0,0.0,KyberSwap - QiDao,2023-06-29 12:08:44.202429+00:00
Project,Kyberswap,KyberDAO Multisig,2023-06-27 10:53:49.000 UTC,2023-06-27 10:53:49.000 UTC,0.0,69938.0,0.0,69938.0,0.0,KyberSwap - QiDao,2023-06-29 12:08:44.202429+00:00
Project,Lido,Intermediate Wallet,2023-04-26 17:27:35.000 UTC,2023-04-26 17:27:35.000 UTC,0.0,12000.0,0.0,12000.0,0.0,KyberSwap - QiDao,2023-06-29 12:08:44.202429+00:00
Project,Lido,Intermediate Wallet,2023-04-07 09:44:41.000 UTC,2023-04-07 09:44:41.000 UTC,0.0,0.0,12000.0,0.0,0.0,KyberSwap - QiDao,2023-06-29 12:08:44.202429+00:00
OP Foundation,OP Foundation Wallet,OP Foundation Grants,2023-04-06 16:32:00.000 UTC,2023-04-06 16:32:00.000 UTC,0.0,0.0,0.0,0.0,99999.99999999999,KyberSwap - QiDao,2023-06-29 12:08:44.202429+00:00
Project,QiDao,Season 1,2022-11-18 19:07:13.000 UTC,2022-11-18 19:07:13.000 UTC,0.0,0.0,32000.0,0.0,0.0,KyberSwap - QiDao,2023-06-29 12:08:44.202429+00:00
Other,Other,Other,2023-06-27 10:55:17.000 UTC,2023-06-27 10:55:17.000 UTC,30000.0,30000.0,0.0,0.0,0.0,Kyberswap,2023-06-29 12:08:44.202429+00:00
Project,"KyberSwap,QiDao","Season 3,Intermediate",2023-06-27 10:53:49.000 UTC,2023-06-27 10:53:49.000 UTC,0.0,0.0,69938.0,0.0,0.0,Kyberswap,2023-06-29 12:08:44.202429+00:00
Other,Other,Other,2023-04-13 15:59:57.000 UTC,2022-06-01 04:16:52.000 UTC,302327.4252382686,283708.7691802817,0.0,0.0,0.0,Layer2dao,2023-06-29 12:08:44.202429+00:00
Other,1inch Swap,Other,2022-08-17 21:38:27.000 UTC,2022-08-17 21:24:55.000 UTC,281957.4327444706,281957.4327444706,0.0,0.0,0.0,Layer2dao,2023-06-29 12:08:44.202429+00:00
Other,xToken LP ,Other,2022-10-23 00:11:50.000 UTC,2022-09-12 18:56:14.000 UTC,41920.357390288336,41920.357390288336,0.0,0.0,0.0,Layer2dao,2023-06-29 12:08:44.202429+00:00
Project,Thales,"Phase 0,Season 2,Season 3",2022-09-06 19:17:37.000 UTC,2022-09-06 19:17:37.000 UTC,0.0,27500.0,0.0,27500.0,0.0,Layer2dao,2023-06-29 12:08:44.202429+00:00
Project,Socket,Season 2,2022-11-30 16:44:26.000 UTC,2022-11-30 16:44:26.000 UTC,0.0,27500.0,0.0,27500.0,0.0,Layer2dao,2023-06-29 12:08:44.202429+00:00
Project,Velodrome,"Season 2,Intermediate",2022-08-15 06:37:33.000 UTC,2022-07-19 04:10:24.000 UTC,0.0,24000.0,0.0,24000.0,0.0,Layer2dao,2023-06-29 12:08:44.202429+00:00
Deployed,Layer2dao,L2DAO/OP: Velodrome,2022-09-11 19:55:47.000 UTC,2022-08-22 20:52:41.000 UTC,0.0,14000.0,0.0,0.0,0.0,Layer2dao,2023-06-29 12:08:44.202429+00:00
Project,Velodrome,Intermediate Disperser,2022-08-18 18:10:47.000 UTC,2022-07-28 17:23:14.000 UTC,0.0,0.0,1557.3300000000002,0.0,0.0,Layer2dao,2023-06-29 12:08:44.202429+00:00
OP Foundation,OP Foundation Wallet,OP Foundation Grants,2023-02-09 19:03:11.000 UTC,2022-07-08 21:22:57.000 UTC,0.0,0.0,0.0,0.0,300673.80835120054,Layer2dao,2023-06-29 12:08:44.202429+00:00
Project,Layer2dao,Phase 0,2022-09-15 05:19:06.000 UTC,2022-08-29 03:57:48.000 UTC,0.0,-870.5601645156781,0.0,0.0,0.0,Layer2dao,2023-06-29 12:08:44.202429+00:00
Other,Other,Other,2023-06-02 17:05:55.000 UTC,2022-12-29 20:02:39.000 UTC,54003.0,54003.0,0.0,0.0,0.0,LiFi,2023-06-29 12:08:44.202429+00:00
OP Foundation,OP Foundation Wallet,OP Foundation Grants,2022-11-30 20:32:11.000 UTC,2022-11-30 20:32:11.000 UTC,0.0,0.0,0.0,0.0,99999.99999999999,LiFi,2023-06-29 12:08:44.202429+00:00
Project,Polynomial Protocol,Phase 0,2022-08-15 07:49:57.000 UTC,2022-08-15 07:49:57.000 UTC,0.0,0.0,11570.0,0.0,0.0,LiFi,2023-06-29 12:08:44.202429+00:00
Other,Other,Other,2023-06-29 04:16:01.000 UTC,2023-01-26 00:01:20.000 UTC,190159.82391602662,47375.0,0.0,0.0,0.0,Lido,2023-06-29 12:08:44.202429+00:00
Deployed,Lido,wstETH/OP: Velodrome,2023-06-20 15:14:09.000 UTC,2023-04-07 12:22:33.000 UTC,0.0,39500.0,0.0,0.0,0.0,Lido,2023-06-29 12:08:44.202429+00:00
Deployed,Lido,wstETH/WETH: Velodrome,2023-06-20 15:14:09.000 UTC,2023-04-07 12:22:33.000 UTC,0.0,38000.0,0.0,0.0,0.0,Lido,2023-06-29 12:08:44.202429+00:00
Deployed,Lido,wstETHCRV: Curve,2023-06-20 15:14:09.000 UTC,2023-04-14 08:04:32.000 UTC,0.0,38000.0,0.0,0.0,0.0,Lido,2023-06-29 12:08:44.202429+00:00
Project,"QiDao,KyberSwap","Intermediate,Season 3",2023-06-20 15:14:09.000 UTC,2023-06-20 15:14:09.000 UTC,0.0,15000.0,0.0,15000.0,0.0,Lido,2023-06-29 12:08:44.202429+00:00
Project,"KyberSwap,QiDao","Season 3,Intermediate",2023-04-07 09:44:41.000 UTC,2023-04-07 09:44:41.000 UTC,0.0,12000.0,0.0,12000.0,0.0,Lido,2023-06-29 12:08:44.202429+00:00
Project,Beefy Finance,Season 1,2023-06-20 15:14:09.000 UTC,2023-04-07 09:44:41.000 UTC,0.0,10000.0,0.0,10000.0,0.0,Lido,2023-06-29 12:08:44.202429+00:00
Project,QiDao,Season 1,2023-06-20 15:14:09.000 UTC,2023-04-07 09:44:41.000 UTC,0.0,9000.0,0.0,9000.0,0.0,Lido,2023-06-29 12:08:44.202429+00:00
Project,Synthetix,Multisig,2023-06-27 09:36:07.000 UTC,2023-06-27 09:36:07.000 UTC,0.0,6000.0,0.0,6000.0,0.0,Lido,2023-06-29 12:08:44.202429+00:00
Deployed,Lido,wstETH/USDC: Velodrome,2023-04-25 22:53:49.000 UTC,2023-04-07 12:22:33.000 UTC,0.0,6000.0,0.0,0.0,0.0,Lido,2023-06-29 12:08:44.202429+00:00
Project,Beethoven X,Season 1,2023-04-07 09:44:41.000 UTC,2023-04-07 09:44:41.000 UTC,0.0,6000.0,0.0,6000.0,0.0,Lido,2023-06-29 12:08:44.202429+00:00
Deployed,Exactly,Distributor Multisig,2023-06-27 09:36:07.000 UTC,2023-06-27 09:36:07.000 UTC,0.0,3000.0,0.0,0.0,0.0,Lido,2023-06-29 12:08:44.202429+00:00
OP Foundation,OP Foundation Wallet,OP Foundation Grants,2023-03-03 17:51:51.000 UTC,2023-03-03 17:51:51.000 UTC,0.0,0.0,0.0,0.0,1000000.0,Lido,2023-06-29 12:08:44.202429+00:00
Project,"KyberSwap,QiDao","Season 3,Intermediate",2023-04-26 17:27:35.000 UTC,2023-04-26 17:27:35.000 UTC,0.0,0.0,12000.0,0.0,0.0,Lido,2023-06-29 12:08:44.202429+00:00
Deployed,Lyra,Distributor,2023-06-13 05:58:01.000 UTC,2022-08-17 00:59:25.000 UTC,0.0,1286303.3224283552,0.0,0.0,0.0,Lyra,2023-06-29 12:08:44.202429+00:00
Other,Other,Other,2023-06-29 02:46:59.000 UTC,2022-07-10 04:47:32.000 UTC,1454646.992984124,435098.30767858756,0.0,0.0,0.0,Lyra,2023-06-29 12:08:44.202429+00:00
Other,Lyra Unknown,Other,2023-02-28 00:05:31.000 UTC,2023-01-11 03:26:05.000 UTC,168900.0,168900.0,0.0,0.0,0.0,Lyra,2023-06-29 12:08:44.202429+00:00
Project,Polynomial Protocol,Phase 0,2022-11-06 14:02:37.000 UTC,2022-11-06 14:02:37.000 UTC,0.0,36000.0,0.0,36000.0,0.0,Lyra,2023-06-29 12:08:44.202429+00:00
OP Foundation,OP Foundation Wallet,OP Foundation Grants,2022-07-20 02:42:01.000 UTC,2022-07-20 02:42:01.000 UTC,0.0,0.0,0.0,0.0,3000000.0,Lyra,2023-06-29 12:08:44.202429+00:00
Project,Synthetix,Multisig - Maybe Grants,2023-01-11 03:04:49.000 UTC,2023-01-11 03:04:49.000 UTC,0.0,0.0,149600.0,0.0,0.0,Lyra,2023-06-29 12:08:44.202429+00:00
Project,Polynomial Protocol,Phase 0,2022-08-15 07:49:57.000 UTC,2022-08-03 06:59:10.000 UTC,0.0,0.0,83570.0,0.0,0.0,Lyra,2023-06-29 12:08:44.202429+00:00
Project,Synthetix,Multisig,2023-06-27 22:19:37.000 UTC,2023-06-20 23:27:31.000 UTC,0.0,0.0,1798.1209590000003,0.0,0.0,Lyra,2023-06-29 12:08:44.202429+00:00
Project,Synthetix,Phase 0,2023-02-24 09:02:42.000 UTC,2023-02-24 09:02:42.000 UTC,0.0,0.0,19300.0,0.0,0.0,Lyra,2023-06-29 12:08:44.202429+00:00
Other,Aelin user,Other,2023-02-05 22:55:43.000 UTC,2022-08-29 21:03:23.000 UTC,1135.3621721261325,0.0,0.0,0.0,0.0,Lyra,2023-06-29 12:08:44.202429+00:00
Project,Velodrome,Intermediate Disperser,2022-07-28 19:09:57.000 UTC,2022-07-28 19:09:57.000 UTC,0.0,0.0,5305.409,0.0,0.0,Lyra,2023-06-29 12:08:44.202429+00:00
Project,Lyra,Intermediate,2023-06-23 01:14:21.000 UTC,2023-06-23 01:14:21.000 UTC,0.0,-265078.53716192656,0.0,0.0,0.0,Lyra,2023-06-29 12:08:44.202429+00:00
Other,Other,Other,2023-05-29 17:08:55.000 UTC,2022-07-25 17:50:09.000 UTC,34645.02853434353,34645.02853434353,0.0,0.0,0.0,Mean Finance,2023-06-29 12:08:44.202429+00:00
OP Foundation,OP Foundation Wallet,OP Foundation Grants,2022-10-19 17:18:22.000 UTC,2022-10-19 17:18:22.000 UTC,0.0,0.0,0.0,0.0,300000.0,Mean Finance,2023-06-29 12:08:44.202429+00:00
Other,Other,Other,2023-06-29 10:40:43.000 UTC,2023-05-31 18:23:14.000 UTC,4106.343613913736,4106.343613913736,0.0,0.0,0.0,Metalswap,2023-06-29 12:08:44.202429+00:00
OP Foundation,OP Foundation Sentry Wallet,OP Foundation Grants,2023-05-23 09:42:19.000 UTC,2023-05-23 09:42:19.000 UTC,0.0,0.0,0.0,0.0,12000.0,Metalswap,2023-06-29 12:08:44.202429+00:00
Other,Other,Other,2023-06-27 22:26:33.000 UTC,2023-03-21 14:30:59.000 UTC,34804.540281705,34804.540281705,0.0,0.0,0.0,Mochi,2023-06-29 12:08:44.202429+00:00
OP Foundation,OP Foundation Wallet,OP Foundation Grants,2023-01-02 15:47:47.000 UTC,2023-01-02 15:47:47.000 UTC,0.0,0.0,0.0,0.0,99999.99999999999,Mochi,2023-06-29 12:08:44.202429+00:00
Other,Other,Other,2023-06-22 08:52:41.000 UTC,2023-06-22 08:52:41.000 UTC,40000.0,40000.0,0.0,0.0,0.0,Nested,2023-06-29 12:08:44.202429+00:00
Other,1inch Swap,Other,2022-08-05 13:33:40.000 UTC,2022-08-05 13:33:40.000 UTC,776.867362080441,776.867362080441,0.0,0.0,0.0,Nested,2023-06-29 12:08:44.202429+00:00
OP Foundation,OP Foundation Sentry Wallet,OP Foundation Grants,2023-05-11 18:23:44.000 UTC,2023-05-11 18:23:44.000 UTC,0.0,0.0,0.0,0.0,99999.99999999999,Nested,2023-06-29 12:08:44.202429+00:00
OP Foundation,OP Foundation Wallet,OP Foundation Grants,2023-02-09 19:07:04.000 UTC,2023-02-09 19:07:04.000 UTC,0.0,0.0,0.0,0.0,72.80364604877045,Nested,2023-06-29 12:08:44.202429+00:00
OP Foundation,OP Foundation Wallet,OP Foundation Grants,2022-09-12 17:34:15.000 UTC,2022-09-12 17:34:15.000 UTC,0.0,0.0,0.0,0.0,181804.0,OKX,2023-06-29 12:08:44.202429+00:00
Other,Other,Other,2023-06-27 15:40:15.000 UTC,2023-04-19 18:48:39.000 UTC,10764360.980329731,10764360.980329731,0.0,0.0,0.0,OP Foundation Sentry Wallet,2023-06-29 12:08:44.202429+00:00
Deployed,Arrakis Finance,Partner Fund,2023-05-03 17:11:35.000 UTC,2023-04-24 16:17:36.000 UTC,0.0,112500.0,0.0,0.0,0.0,OP Foundation Sentry Wallet,2023-06-29 12:08:44.202429+00:00
Project,Galxe,Season 3,2023-06-22 04:41:43.000 UTC,2023-06-05 05:55:56.000 UTC,0.0,0.0,0.0,0.0,0.0,OP Foundation Sentry Wallet,2023-06-29 12:08:44.202429+00:00
Project,Geo Web,Season 3,2023-05-11 19:47:15.000 UTC,2023-05-11 19:47:15.000 UTC,0.0,0.0,0.0,0.0,0.0,OP Foundation Sentry Wallet,2023-06-29 12:08:44.202429+00:00
Project,EthernautDAO,Season 2,2023-06-26 18:46:17.000 UTC,2023-06-26 18:46:17.000 UTC,0.0,0.0,0.0,0.0,0.0,OP Foundation Sentry Wallet,2023-06-29 12:08:44.202429+00:00
Project,Attestation Station Interface,Season 3,2023-04-20 21:35:49.000 UTC,2023-04-20 21:35:49.000 UTC,0.0,0.0,0.0,0.0,0.0,OP Foundation Sentry Wallet,2023-06-29 12:08:44.202429+00:00
Project,Quests on Coinbase Wallet - Quest #3 Attestation,Partner Fund,2023-05-10 22:14:04.000 UTC,2023-05-10 22:14:04.000 UTC,0.0,0.0,0.0,0.0,0.0,OP Foundation Sentry Wallet,2023-06-29 12:08:44.202429+00:00
Project,Another World,Season 3,2023-05-03 19:10:37.000 UTC,2023-05-03 19:10:37.000 UTC,0.0,0.0,0.0,0.0,0.0,OP Foundation Sentry Wallet,2023-06-29 12:08:44.202429+00:00
Project,Parcel,Season 3,2023-05-15 04:07:12.000 UTC,2023-05-15 04:07:12.000 UTC,0.0,0.0,0.0,0.0,0.0,OP Foundation Sentry Wallet,2023-06-29 12:08:44.202429+00:00
Project,The Optimistic Series,Season 3,2023-05-20 08:04:56.000 UTC,2023-05-20 08:04:56.000 UTC,0.0,0.0,0.0,0.0,0.0,OP Foundation Sentry Wallet,2023-06-29 12:08:44.202429+00:00
Project,dm3 Protocol,Season 3,2023-06-23 06:42:19.000 UTC,2023-06-23 06:42:19.000 UTC,0.0,0.0,0.0,0.0,0.0,OP Foundation Sentry Wallet,2023-06-29 12:08:44.202429+00:00
Project,Interest Protocol,Season 2,2023-05-03 17:11:05.000 UTC,2023-04-19 18:48:39.000 UTC,0.0,0.0,0.0,0.0,0.0,OP Foundation Sentry Wallet,2023-06-29 12:08:44.202429+00:00
Project,Gelato,Phase 0,2023-06-20 07:29:11.000 UTC,2023-06-20 07:29:11.000 UTC,0.0,0.0,0.0,0.0,0.0,OP Foundation Sentry Wallet,2023-06-29 12:08:44.202429+00:00
Project,Metalswap,Season 3,2023-05-23 09:42:19.000 UTC,2023-05-23 09:42:19.000 UTC,0.0,0.0,0.0,0.0,0.0,OP Foundation Sentry Wallet,2023-06-29 12:08:44.202429+00:00
Project,Optiland Quests,Season 3,2023-05-24 21:47:45.000 UTC,2023-05-24 21:47:45.000 UTC,0.0,0.0,0.0,0.0,0.0,OP Foundation Sentry Wallet,2023-06-29 12:08:44.202429+00:00
Project,JiffyScan,Season 3,2023-04-21 04:03:18.000 UTC,2023-04-21 04:03:18.000 UTC,0.0,0.0,0.0,0.0,0.0,OP Foundation Sentry Wallet,2023-06-29 12:08:44.202429+00:00
Project,Paytrie,Season 3,2023-05-17 19:09:49.000 UTC,2023-05-17 19:09:49.000 UTC,0.0,0.0,0.0,0.0,0.0,OP Foundation Sentry Wallet,2023-06-29 12:08:44.202429+00:00
Project,Giveth,Season 3,2023-04-25 06:45:05.000 UTC,2023-04-25 06:45:05.000 UTC,0.0,0.0,0.0,0.0,0.0,OP Foundation Sentry Wallet,2023-06-29 12:08:44.202429+00:00
Project,Otterspace,Season 2,2023-05-22 09:05:06.000 UTC,2023-05-22 09:05:06.000 UTC,0.0,0.0,0.0,0.0,0.0,OP Foundation Sentry Wallet,2023-06-29 12:08:44.202429+00:00
Project,Candide Wallet,Intermediate,2023-05-07 19:03:26.000 UTC,2023-05-07 18:52:27.000 UTC,0.0,0.0,0.0,0.0,0.0,OP Foundation Sentry Wallet,2023-06-29 12:08:44.202429+00:00
Project,Bored Town,Season 3,2023-05-03 22:45:19.000 UTC,2023-05-03 22:45:19.000 UTC,0.0,0.0,0.0,0.0,0.0,OP Foundation Sentry Wallet,2023-06-29 12:08:44.202429+00:00
Project,Nested,Season 3,2023-05-11 18:23:44.000 UTC,2023-05-11 18:23:44.000 UTC,0.0,0.0,0.0,0.0,0.0,OP Foundation Sentry Wallet,2023-06-29 12:08:44.202429+00:00
Project,OptiChads,Season 2,2023-04-20 18:33:02.000 UTC,2023-04-20 18:33:02.000 UTC,0.0,0.0,0.0,0.0,0.0,OP Foundation Sentry Wallet,2023-06-29 12:08:44.202429+00:00
Project,Bankless Academy,Season 2,2023-04-20 19:37:54.000 UTC,2023-04-20 19:37:54.000 UTC,0.0,0.0,0.0,0.0,0.0,OP Foundation Sentry Wallet,2023-06-29 12:08:44.202429+00:00
Project,Exactly,Partner Fund,2023-06-22 12:06:15.000 UTC,2023-05-05 14:54:03.000 UTC,0.0,0.0,0.0,0.0,0.0,OP Foundation Sentry Wallet,2023-06-29 12:08:44.202429+00:00
Project,Rabbithole,Season 3,2023-06-23 13:17:21.000 UTC,2023-05-03 19:52:06.000 UTC,0.0,0.0,0.0,0.0,0.0,OP Foundation Sentry Wallet,2023-06-29 12:08:44.202429+00:00
Project,ShapeShift,Season 3,2023-05-16 13:38:50.000 UTC,2023-05-16 13:38:50.000 UTC,0.0,0.0,0.0,0.0,0.0,OP Foundation Sentry Wallet,2023-06-29 12:08:44.202429+00:00
Project,Synpress,Season 3,2023-04-20 18:42:22.000 UTC,2023-04-20 18:39:51.000 UTC,0.0,0.0,0.0,0.0,0.0,OP Foundation Sentry Wallet,2023-06-29 12:08:44.202429+00:00
Project,dForce,"Season 3,Season 1",2023-05-21 14:49:42.000 UTC,2023-05-21 14:49:42.000 UTC,0.0,0.0,0.0,0.0,0.0,OP Foundation Sentry Wallet,2023-06-29 12:08:44.202429+00:00
Project,PoolTogether,"Partner Fund,Season 2",2023-05-04 16:38:12.000 UTC,2023-05-04 16:38:12.000 UTC,0.0,0.0,0.0,0.0,0.0,OP Foundation Sentry Wallet,2023-06-29 12:08:44.202429+00:00
Project,Rotki,"Season 1,Season 3",2023-05-03 17:11:05.000 UTC,2023-04-22 09:07:12.000 UTC,0.0,0.0,0.0,0.0,0.0,OP Foundation Sentry Wallet,2023-06-29 12:08:44.202429+00:00
Project,ENS Wildcard Domains,Season 3,2023-04-27 09:41:44.000 UTC,2023-04-27 09:41:44.000 UTC,0.0,0.0,0.0,0.0,0.0,OP Foundation Sentry Wallet,2023-06-29 12:08:44.202429+00:00
Other,Other,Other,2023-06-27 19:00:03.000 UTC,2022-06-01 06:35:37.000 UTC,35625175.592455566,35625175.592455566,0.0,0.0,0.0,OP Foundation Wallet,2023-06-29 12:08:44.202429+00:00
"Deployed,Project",Quests on Coinbase Wallet,"Quest 1 - DEX,Partner Fund",2023-02-10 22:09:48.000 UTC,2023-02-10 22:09:48.000 UTC,0.0,480615.0,0.0,0.0,0.0,OP Foundation Wallet,2023-06-29 12:08:44.202429+00:00
"Project,Deployed",Quests on Coinbase Wallet,"Partner Fund,Quest 2 - Delegation",2023-03-03 17:52:21.000 UTC,2023-03-03 17:52:21.000 UTC,0.0,373878.0,0.0,0.0,0.0,OP Foundation Wallet,2023-06-29 12:08:44.202429+00:00
Deployed,Gamma,Partner Fund,2023-04-05 22:25:49.000 UTC,2023-03-17 16:43:37.000 UTC,0.0,202498.0,0.0,0.0,0.0,OP Foundation Wallet,2023-06-29 12:08:44.202429+00:00
Deployed,Arrakis Finance,Partner Fund,2023-04-13 05:12:22.000 UTC,2023-03-17 16:43:37.000 UTC,0.0,137509.0,0.0,0.0,0.0,OP Foundation Wallet,2023-06-29 12:08:44.202429+00:00
Other,Perp Foundation,Other,2023-02-09 20:13:51.000 UTC,2023-02-09 19:01:11.000 UTC,2829.5320904446708,2829.5320904446708,0.0,0.0,0.0,OP Foundation Wallet,2023-06-29 12:08:44.202429+00:00
Deployed,Thales,Distributor,2023-02-09 20:11:48.000 UTC,2023-02-09 19:28:18.000 UTC,0.0,1055.5372272649327,0.0,0.0,0.0,OP Foundation Wallet,2023-06-29 12:08:44.202429+00:00
Other,xToken LP,Other,2023-02-09 19:49:03.000 UTC,2023-02-09 19:36:13.000 UTC,291.59756670154115,291.59756670154115,0.0,0.0,0.0,OP Foundation Wallet,2023-06-29 12:08:44.202429+00:00
Other,Aelin user,Other,2023-02-09 19:45:11.000 UTC,2023-02-09 19:45:11.000 UTC,75.74318733628495,75.74318733628495,0.0,0.0,0.0,OP Foundation Wallet,2023-06-29 12:08:44.202429+00:00
Other,Lyra Unknown,Other,2023-02-09 19:37:46.000 UTC,2023-02-09 19:37:46.000 UTC,39.079339810631986,39.079339810631986,0.0,0.0,0.0,OP Foundation Wallet,2023-06-29 12:08:44.202429+00:00
Deployed,WePiggy,Distributor,2023-02-09 19:34:57.000 UTC,2023-02-09 19:34:57.000 UTC,0.0,39.034214943369975,0.0,0.0,0.0,OP Foundation Wallet,2023-06-29 12:08:44.202429+00:00
Deployed,Velodrome,Distributor,2023-02-09 19:54:11.000 UTC,2023-02-09 19:54:11.000 UTC,0.0,28.549869979236238,0.0,0.0,0.0,OP Foundation Wallet,2023-06-29 12:08:44.202429+00:00
Deployed,Kwenta,Distributor,2023-02-09 19:47:48.000 UTC,2023-02-09 19:47:48.000 UTC,0.0,16.15751295181371,0.0,0.0,0.0,OP Foundation Wallet,2023-06-29 12:08:44.202429+00:00
Project,Premia,Season 3,2023-03-22 23:59:42.000 UTC,2023-03-22 23:59:42.000 UTC,0.0,0.0,0.0,0.0,0.0,OP Foundation Wallet,2023-06-29 12:08:44.202429+00:00
Project,Nested,Treasury Wallet,2023-02-09 19:07:04.000 UTC,2023-02-09 19:07:04.000 UTC,0.0,0.0,0.0,0.0,0.0,OP Foundation Wallet,2023-06-29 12:08:44.202429+00:00
Project,Via Protocol,Season 3,2023-03-18 12:16:01.000 UTC,2023-03-18 12:16:01.000 UTC,0.0,0.0,0.0,0.0,0.0,OP Foundation Wallet,2023-06-29 12:08:44.202429+00:00
Project,Rocket Pool,Season 1,2022-11-01 00:06:47.000 UTC,2022-11-01 00:06:47.000 UTC,0.0,0.0,0.0,0.0,0.0,OP Foundation Wallet,2023-06-29 12:08:44.202429+00:00
Project,Exactly,Partner Fund,2023-03-10 04:26:29.000 UTC,2023-03-10 04:26:29.000 UTC,0.0,0.0,0.0,0.0,0.0,OP Foundation Wallet,2023-06-29 12:08:44.202429+00:00
Project,Clipper,Phase 0,2022-07-08 21:22:57.000 UTC,2022-07-08 21:22:57.000 UTC,0.0,0.0,0.0,0.0,0.0,OP Foundation Wallet,2023-06-29 12:08:44.202429+00:00
Project,Another World,Season 3,2023-02-02 23:58:38.000 UTC,2023-02-02 23:58:38.000 UTC,0.0,0.0,0.0,0.0,0.0,OP Foundation Wallet,2023-06-29 12:08:44.202429+00:00
Project,Layer2dao,Contract Deplpoyer,2023-02-09 19:03:11.000 UTC,2023-02-09 19:03:11.000 UTC,0.0,0.0,0.0,0.0,0.0,OP Foundation Wallet,2023-06-29 12:08:44.202429+00:00
Project,Aave,Phase 0,2022-08-03 16:35:55.000 UTC,2022-08-03 16:35:55.000 UTC,0.0,0.0,0.0,0.0,0.0,OP Foundation Wallet,2023-06-29 12:08:44.202429+00:00
Project,Kromatika,Season 2,2022-11-06 17:07:30.000 UTC,2022-11-06 17:07:30.000 UTC,0.0,0.0,0.0,0.0,0.0,OP Foundation Wallet,2023-06-29 12:08:44.202429+00:00
Project,Otterspace,Season 2,2022-11-04 16:06:55.000 UTC,2022-11-04 16:06:55.000 UTC,0.0,0.0,0.0,0.0,0.0,OP Foundation Wallet,2023-06-29 12:08:44.202429+00:00
Project,Boardroom,Season 1,2022-08-26 17:27:27.000 UTC,2022-08-26 17:27:27.000 UTC,0.0,0.0,0.0,0.0,0.0,OP Foundation Wallet,2023-06-29 12:08:44.202429+00:00
Project,Layer2dao,Phase 0,2022-07-08 21:22:57.000 UTC,2022-07-08 21:22:57.000 UTC,0.0,0.0,0.0,0.0,0.0,OP Foundation Wallet,2023-06-29 12:08:44.202429+00:00
Project,CryptoTesters,Partner Fund,2022-12-15 22:36:40.000 UTC,2022-12-15 22:36:40.000 UTC,0.0,0.0,0.0,0.0,0.0,OP Foundation Wallet,2023-06-29 12:08:44.202429+00:00
Project,Biconomy,Season 1,2022-09-02 08:44:30.000 UTC,2022-09-02 08:44:30.000 UTC,0.0,0.0,0.0,0.0,0.0,OP Foundation Wallet,2023-06-29 12:08:44.202429+00:00
Project,Zipswap,Phase 0,2023-02-09 19:49:35.000 UTC,2023-02-09 19:49:35.000 UTC,0.0,0.0,0.0,0.0,0.0,OP Foundation Wallet,2023-06-29 12:08:44.202429+00:00
Project,Beefy Finance,Intermediate,2023-02-09 19:32:57.000 UTC,2023-02-09 19:32:57.000 UTC,0.0,0.0,0.0,0.0,0.0,OP Foundation Wallet,2023-06-29 12:08:44.202429+00:00
Project,EthernautDAO,Season 2,2022-11-29 14:03:58.000 UTC,2022-11-29 14:03:58.000 UTC,0.0,0.0,0.0,0.0,0.0,OP Foundation Wallet,2023-06-29 12:08:44.202429+00:00
Project,Zeroex (0x),Phase 0,2022-07-08 21:22:57.000 UTC,2022-07-08 21:22:57.000 UTC,0.0,0.0,0.0,0.0,0.0,OP Foundation Wallet,2023-06-29 12:08:44.202429+00:00
Project,LiFi,Season 2,2022-11-30 20:32:11.000 UTC,2022-11-30 20:32:11.000 UTC,0.0,0.0,0.0,0.0,0.0,OP Foundation Wallet,2023-06-29 12:08:44.202429+00:00
Project,Angle,Intermediate,2022-11-28 08:45:44.000 UTC,2022-11-28 08:45:44.000 UTC,0.0,0.0,0.0,0.0,0.0,OP Foundation Wallet,2023-06-29 12:08:44.202429+00:00
Project,Synapse,Phase 0,2023-03-24 16:59:27.000 UTC,2023-03-24 16:59:27.000 UTC,0.0,0.0,0.0,0.0,0.0,OP Foundation Wallet,2023-06-29 12:08:44.202429+00:00
Project,Quix,Distributor,2023-02-09 19:57:01.000 UTC,2023-02-09 19:57:01.000 UTC,0.0,0.0,0.0,0.0,0.0,OP Foundation Wallet,2023-06-29 12:08:44.202429+00:00
Project,Velodrome,Partner Fund,2022-07-14 14:28:43.000 UTC,2022-07-14 14:26:23.000 UTC,0.0,0.0,0.0,0.0,0.0,OP Foundation Wallet,2023-06-29 12:08:44.202429+00:00
Project,Tarot,Season 2,2022-11-25 17:45:19.000 UTC,2022-11-25 17:45:19.000 UTC,0.0,0.0,0.0,0.0,0.0,OP Foundation Wallet,2023-06-29 12:08:44.202429+00:00
Project,Interest Protocol,Season 2,2023-03-17 15:34:19.000 UTC,2022-12-06 19:56:05.000 UTC,0.0,0.0,0.0,0.0,0.0,OP Foundation Wallet,2023-06-29 12:08:44.202429+00:00
Project,PoolTogether,"Partner Fund,Season 2",2022-11-28 17:16:24.000 UTC,2022-07-20 22:00:07.000 UTC,0.0,0.0,0.0,0.0,0.0,OP Foundation Wallet,2023-06-29 12:08:44.202429+00:00
Project,QiDao,Season 1,2022-08-27 07:22:14.000 UTC,2022-08-27 07:22:14.000 UTC,0.0,0.0,0.0,0.0,0.0,OP Foundation Wallet,2023-06-29 12:08:44.202429+00:00
Project,Candide Wallet,Season 1,2022-08-09 12:31:03.000 UTC,2022-08-09 12:28:28.000 UTC,0.0,0.0,0.0,0.0,0.0,OP Foundation Wallet,2023-06-29 12:08:44.202429+00:00
Project,"KyberSwap,QiDao","Season 3,Intermediate",2023-04-06 16:32:00.000 UTC,2023-04-06 16:32:00.000 UTC,0.0,0.0,0.0,0.0,0.0,OP Foundation Wallet,2023-06-29 12:08:44.202429+00:00
Project,dHedge,Season 2,2022-10-21 01:42:51.000 UTC,2022-10-21 01:42:51.000 UTC,0.0,0.0,0.0,0.0,0.0,OP Foundation Wallet,2023-06-29 12:08:44.202429+00:00
Project,Geo Web,Season 3,2023-01-20 18:42:08.000 UTC,2023-01-20 18:42:08.000 UTC,0.0,0.0,0.0,0.0,0.0,OP Foundation Wallet,2023-06-29 12:08:44.202429+00:00
Project,dForce,"Season 3,Season 1",2022-09-30 07:12:01.000 UTC,2022-09-30 07:12:01.000 UTC,0.0,0.0,0.0,0.0,0.0,OP Foundation Wallet,2023-06-29 12:08:44.202429+00:00
Project,Perpetual Protocol,Phase 0,2022-07-08 21:22:57.000 UTC,2022-07-08 21:22:57.000 UTC,0.0,0.0,0.0,0.0,0.0,OP Foundation Wallet,2023-06-29 12:08:44.202429+00:00
Project,Alchemix,Season 2,2023-01-08 01:17:36.000 UTC,2023-01-08 01:17:36.000 UTC,0.0,0.0,0.0,0.0,0.0,OP Foundation Wallet,2023-06-29 12:08:44.202429+00:00
Project,The Optimistic Series,Season 3,2023-03-30 19:59:17.000 UTC,2023-03-30 19:59:17.000 UTC,0.0,0.0,0.0,0.0,0.0,OP Foundation Wallet,2023-06-29 12:08:44.202429+00:00
Project,Sonne Finance,Season 3,2023-04-25 17:49:16.000 UTC,2023-04-25 17:49:16.000 UTC,0.0,0.0,0.0,0.0,0.0,OP Foundation Wallet,2023-06-29 12:08:44.202429+00:00
Project,1inch,Phase 0,2022-08-15 07:58:07.000 UTC,2022-08-15 07:58:07.000 UTC,0.0,0.0,0.0,0.0,0.0,OP Foundation Wallet,2023-06-29 12:08:44.202429+00:00
Project,DefiEdge,Uniswap Grants,2023-02-09 19:43:24.000 UTC,2023-02-09 19:43:24.000 UTC,0.0,0.0,0.0,0.0,0.0,OP Foundation Wallet,2023-06-29 12:08:44.202429+00:00
Project,Crypto LDFM,Season 3,2023-04-06 22:05:05.000 UTC,2023-04-06 22:05:05.000 UTC,0.0,0.0,0.0,0.0,0.0,OP Foundation Wallet,2023-06-29 12:08:44.202429+00:00
Project,xToken,Season 1,2023-02-09 20:05:25.000 UTC,2022-09-13 21:24:23.000 UTC,0.0,0.0,0.0,0.0,0.0,OP Foundation Wallet,2023-06-29 12:08:44.202429+00:00
Project,Uniswap,Phase 0,2022-09-07 15:07:22.000 UTC,2022-09-07 15:07:22.000 UTC,0.0,0.0,0.0,0.0,0.0,OP Foundation Wallet,2023-06-29 12:08:44.202429+00:00
Project,Gnosis Safe,Season 2,2023-04-26 18:53:25.000 UTC,2023-04-26 18:53:25.000 UTC,0.0,0.0,0.0,0.0,0.0,OP Foundation Wallet,2023-06-29 12:08:44.202429+00:00
Project,Chainlink,Phase 0,2022-08-03 16:35:25.000 UTC,2022-08-03 16:35:25.000 UTC,0.0,0.0,0.0,0.0,0.0,OP Foundation Wallet,2023-06-29 12:08:44.202429+00:00
Project,DeNotify,Season 3,2023-02-09 19:52:23.000 UTC,2023-02-09 19:52:23.000 UTC,0.0,0.0,0.0,0.0,0.0,OP Foundation Wallet,2023-06-29 12:08:44.202429+00:00
Project,Polynomial Protocol,Phase 0,2022-07-19 05:23:53.000 UTC,2022-07-19 05:23:53.000 UTC,0.0,0.0,0.0,0.0,0.0,OP Foundation Wallet,2023-06-29 12:08:44.202429+00:00
Project,Hop Protocol,Phase 0,2022-10-03 02:22:28.000 UTC,2022-10-03 02:22:28.000 UTC,0.0,0.0,0.0,0.0,0.0,OP Foundation Wallet,2023-06-29 12:08:44.202429+00:00
Project,Revert Finance,Season 2,2023-02-09 19:48:33.000 UTC,2022-10-19 20:18:31.000 UTC,0.0,0.0,0.0,0.0,0.0,OP Foundation Wallet,2023-06-29 12:08:44.202429+00:00
Project,Kwenta,Phase 0,2022-07-15 14:58:43.000 UTC,2022-07-15 14:58:43.000 UTC,0.0,0.0,0.0,0.0,0.0,OP Foundation Wallet,2023-06-29 12:08:44.202429+00:00
Project,Quix,Partner Fund,2023-02-09 19:41:35.000 UTC,2022-10-19 16:37:09.000 UTC,0.0,0.0,0.0,0.0,0.0,OP Foundation Wallet,2023-06-29 12:08:44.202429+00:00
Project,WePiggy,Intermediate,2023-02-09 19:52:23.000 UTC,2023-02-09 19:52:23.000 UTC,0.0,0.0,0.0,0.0,0.0,OP Foundation Wallet,2023-06-29 12:08:44.202429+00:00
Project,WePiggy,Phase 0,2022-07-26 06:28:57.000 UTC,2022-07-26 06:28:57.000 UTC,0.0,0.0,0.0,0.0,0.0,OP Foundation Wallet,2023-06-29 12:08:44.202429+00:00
Project,Rotki,"Season 1,Season 3",2023-02-09 19:47:02.000 UTC,2022-08-09 08:51:51.000 UTC,0.0,0.0,0.0,0.0,0.0,OP Foundation Wallet,2023-06-29 12:08:44.202429+00:00
Project,dHedge,Intermediate,2023-02-09 20:08:28.000 UTC,2023-02-09 20:08:28.000 UTC,0.0,0.0,0.0,0.0,0.0,OP Foundation Wallet,2023-06-29 12:08:44.202429+00:00
Project,Overnight,Season 2,2023-02-09 19:30:53.000 UTC,2023-01-05 20:14:37.000 UTC,0.0,0.0,0.0,0.0,0.0,OP Foundation Wallet,2023-06-29 12:08:44.202429+00:00
Project,Rainbow,Season 2,2023-02-18 02:12:43.000 UTC,2023-02-18 02:12:43.000 UTC,0.0,0.0,0.0,0.0,0.0,OP Foundation Wallet,2023-06-29 12:08:44.202429+00:00
Project,Paraswap,Season 1,2023-03-08 16:47:28.000 UTC,2023-03-08 16:47:28.000 UTC,0.0,0.0,0.0,0.0,0.0,OP Foundation Wallet,2023-06-29 12:08:44.202429+00:00
Project,Pickle Finance,Season 1,2022-08-15 05:33:41.000 UTC,2022-08-15 05:33:41.000 UTC,0.0,0.0,0.0,0.0,0.0,OP Foundation Wallet,2023-06-29 12:08:44.202429+00:00
Project,Beethoven X,Season 1,2022-08-09 13:31:33.000 UTC,2022-08-09 13:31:33.000 UTC,0.0,0.0,0.0,0.0,0.0,OP Foundation Wallet,2023-06-29 12:08:44.202429+00:00
Project,Lyra,Phase 0,2022-07-20 02:42:01.000 UTC,2022-07-20 02:42:01.000 UTC,0.0,0.0,0.0,0.0,0.0,OP Foundation Wallet,2023-06-29 12:08:44.202429+00:00
Project,Rubicon,"Season 3,Phase 0",2023-02-09 20:06:11.000 UTC,2022-07-08 21:22:57.000 UTC,0.0,0.0,0.0,0.0,0.0,OP Foundation Wallet,2023-06-29 12:08:44.202429+00:00
Project,Perpetual Protocol,Grants Wallet,2023-02-09 19:16:37.000 UTC,2023-02-09 19:16:37.000 UTC,0.0,0.0,0.0,0.0,0.0,OP Foundation Wallet,2023-06-29 12:08:44.202429+00:00
Project,Beefy Finance,Season 1,2022-09-12 21:18:28.000 UTC,2022-09-12 21:18:28.000 UTC,0.0,0.0,0.0,0.0,0.0,OP Foundation Wallet,2023-06-29 12:08:44.202429+00:00
Project,Yearn,Season 2,2022-11-24 15:01:22.000 UTC,2022-11-24 15:01:22.000 UTC,0.0,0.0,0.0,0.0,0.0,OP Foundation Wallet,2023-06-29 12:08:44.202429+00:00
Project,InsureDAO,Season 2,2023-04-19 10:49:58.000 UTC,2023-04-19 10:49:58.000 UTC,0.0,0.0,0.0,0.0,0.0,OP Foundation Wallet,2023-06-29 12:08:44.202429+00:00
Project,WardenSwap,Season 1,2022-11-26 18:31:40.000 UTC,2022-11-26 18:31:40.000 UTC,0.0,0.0,0.0,0.0,0.0,OP Foundation Wallet,2023-06-29 12:08:44.202429+00:00
Project,Synthetix,Phase 0,2022-07-27 11:39:58.000 UTC,2022-07-27 11:39:58.000 UTC,0.0,0.0,0.0,0.0,0.0,OP Foundation Wallet,2023-06-29 12:08:44.202429+00:00
Project,Hundred Finance,Season 1,2022-08-26 08:28:32.000 UTC,2022-08-26 08:28:32.000 UTC,0.0,0.0,0.0,0.0,0.0,OP Foundation Wallet,2023-06-29 12:08:44.202429+00:00
Project,OKX,Partner Fund,2022-09-12 17:34:15.000 UTC,2022-09-12 17:34:15.000 UTC,0.0,0.0,0.0,0.0,0.0,OP Foundation Wallet,2023-06-29 12:08:44.202429+00:00
Project,Velodrome,Intermediate Disperser,2023-02-09 20:01:34.000 UTC,2023-02-09 20:01:34.000 UTC,0.0,0.0,0.0,0.0,0.0,OP Foundation Wallet,2023-06-29 12:08:44.202429+00:00
Project,Across Protocol,Season 2,2023-04-18 17:41:29.000 UTC,2023-04-18 17:41:29.000 UTC,0.0,0.0,0.0,0.0,0.0,OP Foundation Wallet,2023-06-29 12:08:44.202429+00:00
Project,Angle,Contract Deplopyer,2023-02-09 19:02:41.000 UTC,2023-02-09 19:02:41.000 UTC,0.0,0.0,0.0,0.0,0.0,OP Foundation Wallet,2023-06-29 12:08:44.202429+00:00
Project,Sushi,Season 2,2022-11-24 12:49:31.000 UTC,2022-11-24 12:49:31.000 UTC,0.0,0.0,0.0,0.0,0.0,OP Foundation Wallet,2023-06-29 12:08:44.202429+00:00
Project,OptiChads,Season 2,2023-02-09 20:11:48.000 UTC,2022-10-28 00:24:58.000 UTC,0.0,0.0,0.0,0.0,0.0,OP Foundation Wallet,2023-06-29 12:08:44.202429+00:00
Project,QiDao,Intermediate,2023-02-09 19:42:22.000 UTC,2023-02-09 19:42:22.000 UTC,0.0,0.0,0.0,0.0,0.0,OP Foundation Wallet,2023-06-29 12:08:44.202429+00:00
Project,Bankless Academy,Season 2,2022-10-20 10:16:39.000 UTC,2022-10-20 10:16:39.000 UTC,0.0,0.0,0.0,0.0,0.0,OP Foundation Wallet,2023-06-29 12:08:44.202429+00:00
Project,Mean Finance,Season 1,2022-10-19 17:18:22.000 UTC,2022-10-19 17:18:22.000 UTC,0.0,0.0,0.0,0.0,0.0,OP Foundation Wallet,2023-06-29 12:08:44.202429+00:00
Project,Quests on Coinbase Wallet - Quest #3 Attestation,Partner Fund,2023-03-29 19:03:48.000 UTC,2023-03-29 19:03:48.000 UTC,0.0,0.0,0.0,0.0,0.0,OP Foundation Wallet,2023-06-29 12:08:44.202429+00:00
Project,Stargate Finance,Phase 0,2022-07-19 23:03:40.000 UTC,2022-07-19 23:03:40.000 UTC,0.0,0.0,0.0,0.0,0.0,OP Foundation Wallet,2023-06-29 12:08:44.202429+00:00
Project,Gelato,Phase 0,2022-07-08 21:22:57.000 UTC,2022-07-08 21:22:57.000 UTC,0.0,0.0,0.0,0.0,0.0,OP Foundation Wallet,2023-06-29 12:08:44.202429+00:00
Project,Pika Protocol,Phase 0,2022-08-26 04:22:04.000 UTC,2022-08-26 04:18:37.000 UTC,0.0,0.0,0.0,0.0,0.0,OP Foundation Wallet,2023-06-29 12:08:44.202429+00:00
Project,DefiLlama,Season 2,2022-12-26 20:23:15.000 UTC,2022-12-26 20:23:15.000 UTC,0.0,0.0,0.0,0.0,0.0,OP Foundation Wallet,2023-06-29 12:08:44.202429+00:00
Project,Thales,"Phase 0,Season 2,Season 3",2023-04-07 11:33:47.000 UTC,2022-07-08 21:22:57.000 UTC,0.0,0.0,0.0,0.0,0.0,OP Foundation Wallet,2023-06-29 12:08:44.202429+00:00
Project,Lido,Partner Fund,2023-03-03 17:51:51.000 UTC,2023-03-03 17:51:51.000 UTC,0.0,0.0,0.0,0.0,0.0,OP Foundation Wallet,2023-06-29 12:08:44.202429+00:00
Project,Velodrome,"Season 2,Intermediate",2022-11-25 16:43:45.000 UTC,2022-11-25 16:43:45.000 UTC,0.0,0.0,0.0,0.0,0.0,OP Foundation Wallet,2023-06-29 12:08:44.202429+00:00
Project,Aelin,Phase 0,2022-07-14 03:34:07.000 UTC,2022-07-14 03:34:07.000 UTC,0.0,0.0,0.0,0.0,0.0,OP Foundation Wallet,2023-06-29 12:08:44.202429+00:00
Project,Celer,Phase 0,2022-08-04 06:56:59.000 UTC,2022-08-04 06:56:59.000 UTC,0.0,0.0,0.0,0.0,0.0,OP Foundation Wallet,2023-06-29 12:08:44.202429+00:00
Project,Mochi,Season 2,2023-01-02 15:47:47.000 UTC,2023-01-02 15:47:47.000 UTC,0.0,0.0,0.0,0.0,0.0,OP Foundation Wallet,2023-06-29 12:08:44.202429+00:00
Project,dForce,Intermediate,2023-02-09 19:50:36.000 UTC,2023-02-09 19:50:36.000 UTC,0.0,0.0,0.0,0.0,0.0,OP Foundation Wallet,2023-06-29 12:08:44.202429+00:00
Project,Karma,"Season 2,Season 3",2022-12-15 06:59:05.000 UTC,2022-12-15 06:59:05.000 UTC,0.0,0.0,0.0,0.0,0.0,OP Foundation Wallet,2023-06-29 12:08:44.202429+00:00
Project,Slingshot,Phase 0,2022-07-08 21:22:57.000 UTC,2022-07-08 21:22:57.000 UTC,0.0,0.0,0.0,0.0,0.0,OP Foundation Wallet,2023-06-29 12:08:44.202429+00:00
Project,Dope Wars,Season 2,2022-11-17 08:16:13.000 UTC,2022-11-17 08:16:13.000 UTC,0.0,0.0,0.0,0.0,0.0,OP Foundation Wallet,2023-06-29 12:08:44.202429+00:00
Project,Thales,Contract Deployer,2023-02-09 19:50:06.000 UTC,2023-02-09 19:50:06.000 UTC,0.0,0.0,0.0,0.0,0.0,OP Foundation Wallet,2023-06-29 12:08:44.202429+00:00
Other,Other,Other,2023-06-27 09:01:19.000 UTC,2022-08-29 05:26:26.000 UTC,66711.38221916356,66711.38221916356,0.0,0.0,0.0,OptiChads,2023-06-29 12:08:44.202429+00:00
Other,xToken LP ,Other,2022-09-13 18:44:49.000 UTC,2022-09-13 18:44:49.000 UTC,26.37645075,26.37645075,0.0,0.0,0.0,OptiChads,2023-06-29 12:08:44.202429+00:00
Project,Bored Town,Season 3,2023-05-15 14:13:11.000 UTC,2023-05-15 14:13:11.000 UTC,0.0,0.0,2000.0,0.0,0.0,OptiChads,2023-06-29 12:08:44.202429+00:00
Project,Optiland Quests,Season 3,2023-06-25 13:24:49.000 UTC,2023-06-01 12:36:32.000 UTC,0.0,0.0,4999.99,0.0,0.0,OptiChads,2023-06-29 12:08:44.202429+00:00
OP Foundation,OP Foundation Wallet,OP Foundation Grants,2023-02-09 20:11:48.000 UTC,2022-10-28 00:24:58.000 UTC,0.0,0.0,0.0,0.0,50114.33911916357,OptiChads,2023-06-29 12:08:44.202429+00:00
OP Foundation,OP Foundation Sentry Wallet,OP Foundation Grants,2023-04-20 18:33:02.000 UTC,2023-04-20 18:33:02.000 UTC,0.0,0.0,0.0,0.0,8606.59,OptiChads,2023-06-29 12:08:44.202429+00:00
Project,OptiChads,Intermediate,2023-06-25 13:24:49.000 UTC,2023-06-01 12:36:32.000 UTC,0.0,4999.99,0.0,4999.99,0.0,Optiland Quests,2023-06-29 12:08:44.202429+00:00
OP Foundation,OP Foundation Sentry Wallet,OP Foundation Grants,2023-05-24 21:47:45.000 UTC,2023-05-24 21:47:45.000 UTC,0.0,0.0,0.0,0.0,8000.0,Optiland Quests,2023-06-29 12:08:44.202429+00:00
Other,Other,Other,2023-05-22 12:01:10.000 UTC,2022-11-17 14:27:47.000 UTC,11304.796,11304.796,0.0,0.0,0.0,Otterspace,2023-06-29 12:08:44.202429+00:00
Other,xToken LP ,Other,2023-05-22 12:01:10.000 UTC,2022-11-17 14:29:32.000 UTC,6194.8640000000005,6194.8640000000005,0.0,0.0,0.0,Otterspace,2023-06-29 12:08:44.202429+00:00
OP Foundation,OP Foundation Wallet,OP Foundation Grants,2022-11-04 16:06:55.000 UTC,2022-11-04 16:06:55.000 UTC,0.0,0.0,0.0,0.0,49999.99999999999,Otterspace,2023-06-29 12:08:44.202429+00:00
OP Foundation,OP Foundation Sentry Wallet,OP Foundation Grants,2023-05-22 09:05:06.000 UTC,2023-05-22 09:05:06.000 UTC,0.0,0.0,0.0,0.0,10499.66,Otterspace,2023-06-29 12:08:44.202429+00:00
Other,Other,Other,2023-06-29 02:59:15.000 UTC,2022-09-29 00:01:34.000 UTC,709330.7412240475,422122.6824092356,0.0,0.0,0.0,Overnight,2023-06-29 12:08:44.202429+00:00
Deployed,Overnight,USD+/USDC: Velodrome,2023-06-20 14:38:55.000 UTC,2023-01-10 19:30:02.000 UTC,0.0,62200.0,0.0,0.0,0.0,Overnight,2023-06-29 12:08:44.202429+00:00
Deployed,Overnight,USD+/DOLA: Velodrome,2023-06-20 14:38:17.000 UTC,2023-01-30 13:51:51.000 UTC,0.0,49000.0,0.0,0.0,0.0,Overnight,2023-06-29 12:08:44.202429+00:00
Project,Beethoven X,Season 1,2023-04-06 15:20:56.000 UTC,2023-01-17 08:52:43.000 UTC,0.0,23500.000000000033,0.0,23500.000000000033,0.0,Overnight,2023-06-29 12:08:44.202429+00:00
Deployed,Overnight,BPT-USD+: Beethoven X,2023-01-10 03:55:32.000 UTC,2023-01-10 03:55:32.000 UTC,0.0,2450.0,0.0,0.0,0.0,Overnight,2023-06-29 12:08:44.202429+00:00
Other,1inch Swap,Other,2023-01-11 15:48:35.000 UTC,2023-01-11 15:48:35.000 UTC,825.0,825.0,0.0,0.0,0.0,Overnight,2023-06-29 12:08:44.202429+00:00
OP Foundation,OP Foundation Wallet,OP Foundation Grants,2023-02-09 19:30:53.000 UTC,2023-01-05 20:14:37.000 UTC,0.0,0.0,0.0,0.0,400012.68240923557,Overnight,2023-06-29 12:08:44.202429+00:00
Project,Beethoven X,Season 1,2023-03-03 13:38:51.000 UTC,2023-03-03 13:38:51.000 UTC,0.0,0.0,1300.0,0.0,0.0,Overnight,2023-06-29 12:08:44.202429+00:00
Other,Other,Other,2023-04-17 11:51:12.000 UTC,2023-04-17 11:51:12.000 UTC,157500.0,157500.0,0.0,0.0,0.0,Paraswap,2023-06-29 12:08:44.202429+00:00
OP Foundation,OP Foundation Wallet,OP Foundation Grants,2023-03-08 16:47:28.000 UTC,2023-03-08 16:47:28.000 UTC,0.0,0.0,0.0,0.0,450000.0,Paraswap,2023-06-29 12:08:44.202429+00:00
OP Foundation,OP Foundation Sentry Wallet,OP Foundation Grants,2023-05-15 04:07:12.000 UTC,2023-05-15 04:07:12.000 UTC,0.0,0.0,0.0,0.0,60000.0,Parcel,2023-06-29 12:08:44.202429+00:00
Other,1inch Swap,Other,2022-06-01 02:17:52.000 UTC,2022-06-01 02:17:52.000 UTC,409.4262928365903,409.4262928365903,0.0,0.0,0.0,Paytrie,2023-06-29 12:08:44.202429+00:00
OP Foundation,OP Foundation Sentry Wallet,OP Foundation Grants,2023-05-17 19:09:49.000 UTC,2023-05-17 19:09:49.000 UTC,0.0,0.0,0.0,0.0,20000.0,Paytrie,2023-06-29 12:08:44.202429+00:00
Deployed,Perpetual Protocol,Distributor,2023-06-26 08:16:33.000 UTC,2022-07-18 12:57:38.000 UTC,0.0,4476994.40564846,0.0,0.0,0.0,Perpetual Protocol,2023-06-29 12:08:44.202429+00:00
Other,Perp Foundation,Other,2023-06-09 13:15:47.000 UTC,2022-07-18 06:53:35.000 UTC,1472366.229537876,1315816.5999999999,0.0,0.0,0.0,Perpetual Protocol,2023-06-29 12:08:44.202429+00:00
Other,Other,Other,2023-06-28 15:52:45.000 UTC,2022-05-31 22:14:37.000 UTC,4782430.242729814,585153.767702142,0.0,0.0,0.0,Perpetual Protocol,2023-06-29 12:08:44.202429+00:00
Other,xToken LP ,Other,2022-07-18 15:43:43.000 UTC,2022-07-18 15:43:43.000 UTC,399999.99999999994,399999.99999999994,0.0,0.0,0.0,Perpetual Protocol,2023-06-29 12:08:44.202429+00:00
Other,Aelin user,Other,2022-07-18 06:53:05.000 UTC,2022-07-18 06:53:05.000 UTC,220.0,220.0,0.0,0.0,0.0,Perpetual Protocol,2023-06-29 12:08:44.202429+00:00
Project,Velodrome,Intermediate Disperser,2022-07-28 19:08:11.000 UTC,2022-07-28 19:08:11.000 UTC,0.0,0.0,13.884,0.0,0.0,Perpetual Protocol,2023-06-29 12:08:44.202429+00:00
OP Foundation,OP Foundation Wallet,OP Foundation Grants,2023-02-09 19:16:37.000 UTC,2022-07-08 21:22:57.000 UTC,0.0,0.0,0.0,0.0,9000019.72828754,Perpetual Protocol,2023-06-29 12:08:44.202429+00:00
Deployed,Pickle Finance,Distributor,2023-05-31 17:25:26.000 UTC,2022-09-08 08:50:20.000 UTC,0.0,92600.0,0.0,0.0,0.0,Pickle Finance,2023-06-29 12:08:44.202429+00:00
Other,xToken LP,Other,2022-10-21 16:06:21.000 UTC,2022-10-02 12:36:15.000 UTC,169.97061394762565,0.0,0.0,0.0,0.0,Pickle Finance,2023-06-29 12:08:44.202429+00:00
OP Foundation,OP Foundation Wallet,OP Foundation Grants,2022-08-15 05:33:41.000 UTC,2022-08-15 05:33:41.000 UTC,0.0,0.0,0.0,0.0,199999.99999999997,Pickle Finance,2023-06-29 12:08:44.202429+00:00
Other,Other,Other,2023-06-29 11:23:09.000 UTC,2022-09-08 16:13:45.000 UTC,91768.7277890958,0.0,0.0,0.0,0.0,Pickle Finance,2023-06-29 12:08:44.202429+00:00
Deployed,Pika Protocol,Distributor,2023-05-07 14:09:22.000 UTC,2022-09-02 03:00:36.000 UTC,0.0,730610.0,0.0,0.0,0.0,Pika Protocol,2023-06-29 12:08:44.202429+00:00
Other,Other,Other,2023-06-29 11:06:11.000 UTC,2022-09-02 03:02:51.000 UTC,728304.2542603475,51618.0,0.0,0.0,0.0,Pika Protocol,2023-06-29 12:08:44.202429+00:00
Other,xToken LP,Other,2022-10-21 16:06:51.000 UTC,2022-09-10 13:51:32.000 UTC,290.8897233349951,0.0,0.0,0.0,0.0,Pika Protocol,2023-06-29 12:08:44.202429+00:00
OP Foundation,OP Foundation Wallet,OP Foundation Grants,2022-08-26 04:22:04.000 UTC,2022-08-26 04:18:37.000 UTC,0.0,0.0,0.0,0.0,900000.0,Pika Protocol,2023-06-29 12:08:44.202429+00:00
Deployed,Polynomial Protocol,Distributor,2022-11-24 12:23:16.000 UTC,2022-11-09 07:02:00.000 UTC,0.0,180000.0,0.0,0.0,0.0,Polynomial Protocol,2023-06-29 12:08:44.202429+00:00
Project,Lyra,Phase 0,2022-08-15 07:49:57.000 UTC,2022-08-03 06:59:10.000 UTC,0.0,83570.0,0.0,83570.0,0.0,Polynomial Protocol,2023-06-29 12:08:44.202429+00:00
Other,Other,Other,2023-06-26 15:44:57.000 UTC,2022-08-15 07:49:57.000 UTC,166329.72504849196,67374.46499226021,0.0,0.0,0.0,Polynomial Protocol,2023-06-29 12:08:44.202429+00:00
Project,Synthetix,Multisig,2022-08-15 07:49:57.000 UTC,2022-08-15 07:49:57.000 UTC,0.0,11570.0,0.0,11570.0,0.0,Polynomial Protocol,2023-06-29 12:08:44.202429+00:00
Project,LiFi,Intermediate,2022-08-15 07:49:57.000 UTC,2022-08-15 07:49:57.000 UTC,0.0,11570.0,0.0,11570.0,0.0,Polynomial Protocol,2023-06-29 12:08:44.202429+00:00
Project,Thales,"Phase 0,Season 2,Season 3",2022-08-15 07:49:57.000 UTC,2022-08-15 07:49:57.000 UTC,0.0,11570.0,0.0,11570.0,0.0,Polynomial Protocol,2023-06-29 12:08:44.202429+00:00
Project,Kwenta,Phase 0,2022-08-15 07:49:57.000 UTC,2022-08-15 07:49:57.000 UTC,0.0,11570.0,0.0,11570.0,0.0,Polynomial Protocol,2023-06-29 12:08:44.202429+00:00
Project,Synthetix,Phase 0,2023-04-29 11:53:41.000 UTC,2023-04-29 11:53:41.000 UTC,0.0,1417.9531459999998,0.0,1417.9531459999998,0.0,Polynomial Protocol,2023-06-29 12:08:44.202429+00:00
Project,Lyra,Lyra Grants DAO,2022-11-06 14:02:37.000 UTC,2022-11-06 14:02:37.000 UTC,0.0,0.0,36000.0,0.0,0.0,Polynomial Protocol,2023-06-29 12:08:44.202429+00:00
Project,Synthetix,Phase 0,2023-04-27 07:22:54.000 UTC,2023-04-27 07:22:54.000 UTC,0.0,0.0,1575.5000000000002,0.0,0.0,Polynomial Protocol,2023-06-29 12:08:44.202429+00:00
Project,Synthetix,Multisig,2023-05-23 22:14:56.000 UTC,2023-05-03 11:40:35.000 UTC,0.0,0.0,13637.52852,0.0,0.0,Polynomial Protocol,2023-06-29 12:08:44.202429+00:00
OP Foundation,OP Foundation Wallet,OP Foundation Grants,2022-07-19 05:23:53.000 UTC,2022-07-19 05:23:53.000 UTC,0.0,0.0,0.0,0.0,900000.0,Polynomial Protocol,2023-06-29 12:08:44.202429+00:00
Deployed,PoolTogether,Distributor,2022-11-28 21:54:22.000 UTC,2022-07-26 17:58:42.000 UTC,0.0,810000.0,0.0,0.0,0.0,PoolTogether,2023-06-29 12:08:44.202429+00:00
Other,Other,Other,2023-06-29 11:02:43.000 UTC,2022-07-14 17:48:13.000 UTC,871361.2402089235,87039.0,0.0,0.0,0.0,PoolTogether,2023-06-29 12:08:44.202429+00:00
OP Foundation,OP Foundation Sentry Wallet,OP Foundation Grants,2023-05-04 16:38:12.000 UTC,2023-05-04 16:38:12.000 UTC,0.0,0.0,0.0,0.0,54551.25,PoolTogether,2023-06-29 12:08:44.202429+00:00
OP Foundation,OP Foundation Wallet,OP Foundation Grants,2022-11-28 17:16:24.000 UTC,2022-07-20 22:00:07.000 UTC,0.0,0.0,0.0,0.0,1000000.0,PoolTogether,2023-06-29 12:08:44.202429+00:00
OP Foundation,OP Foundation Wallet,OP Foundation Grants,2023-03-22 23:59:42.000 UTC,2023-03-22 23:59:42.000 UTC,0.0,0.0,0.0,0.0,234999.99999999997,Premia,2023-06-29 12:08:44.202429+00:00
Deployed,QiDao,sUSDC/MAI: Velodrome,2023-06-19 11:11:35.000 UTC,2022-08-28 21:00:30.000 UTC,0.0,265673.50489,0.0,0.0,0.0,QiDao,2023-06-29 12:08:44.202429+00:00
Other,Other,Other,2023-06-28 20:15:23.000 UTC,2022-07-28 02:56:56.000 UTC,473449.891598088,108727.16934351338,0.0,0.0,0.0,QiDao,2023-06-29 12:08:44.202429+00:00
Project,"KyberSwap,QiDao","Season 3,Intermediate",2022-11-18 19:07:13.000 UTC,2022-11-18 19:07:13.000 UTC,0.0,32000.0,0.0,32000.0,0.0,QiDao,2023-06-29 12:08:44.202429+00:00
Project,Beethoven X,Season 1,2022-12-21 22:26:14.000 UTC,2022-09-29 17:54:56.000 UTC,0.0,29092.0,0.0,29092.0,0.0,QiDao,2023-06-29 12:08:44.202429+00:00
Deployed,Angle,agEUR/MAI: Velodrome,2023-03-07 04:39:24.000 UTC,2022-09-03 20:45:51.000 UTC,0.0,20750.0,0.0,0.0,0.0,QiDao,2023-06-29 12:08:44.202429+00:00
Deployed,QiDao,vUSDC/MAI: Velodrome,2022-09-03 20:32:39.000 UTC,2022-09-03 20:32:39.000 UTC,0.0,6000.0,0.0,0.0,0.0,QiDao,2023-06-29 12:08:44.202429+00:00
Project,Lido,Intermediate Wallet,2023-06-20 15:14:09.000 UTC,2023-04-07 09:44:41.000 UTC,0.0,0.0,9000.0,0.0,0.0,QiDao,2023-06-29 12:08:44.202429+00:00
OP Foundation,OP Foundation Wallet,OP Foundation Grants,2023-02-09 19:42:22.000 UTC,2022-08-27 07:22:14.000 UTC,0.0,0.0,0.0,0.0,750254.3352601156,QiDao,2023-06-29 12:08:44.202429+00:00
Project,Velodrome,Intermediate Disperser,2022-10-14 17:03:13.000 UTC,2022-09-15 17:59:26.000 UTC,0.0,0.0,12055.337472,0.0,0.0,QiDao,2023-06-29 12:08:44.202429+00:00
Project,Beethoven X,Season 1,2023-01-12 21:51:10.000 UTC,2023-01-12 21:51:10.000 UTC,0.0,0.0,900.0,0.0,0.0,QiDao,2023-06-29 12:08:44.202429+00:00
Project,QiDao,Season 1,2023-06-26 18:25:53.000 UTC,2022-09-21 05:36:08.000 UTC,0.0,-29234.81015492898,0.0,0.0,0.0,QiDao,2023-06-29 12:08:44.202429+00:00
Project,Lido,Intermediate Wallet,2023-06-20 15:14:09.000 UTC,2023-06-20 15:14:09.000 UTC,0.0,0.0,15000.0,0.0,0.0,QiDao - KyberSwap,2023-06-29 12:08:44.202429+00:00
Other,Other,Other,2023-06-29 11:25:53.000 UTC,2023-02-13 17:47:24.000 UTC,481532.828174534,0.0,0.0,0.0,0.0,Quests on Coinbase Wallet,2023-06-29 12:08:44.202429+00:00
OP Foundation,OP Foundation Wallet,OP Foundation Grants,2023-03-03 17:52:21.000 UTC,2023-02-10 22:09:48.000 UTC,0.0,0.0,0.0,0.0,854493.0,Quests on Coinbase Wallet,2023-06-29 12:08:44.202429+00:00
Other,Other,Other,2023-06-29 11:23:53.000 UTC,2023-05-01 13:50:25.000 UTC,393658.6580742261,393658.6580742261,0.0,0.0,0.0,Quests on Coinbase Wallet - Quest #3 Attestation,2023-06-29 12:08:44.202429+00:00
OP Foundation,OP Foundation Wallet,OP Foundation Grants,2023-03-29 19:03:48.000 UTC,2023-03-29 19:03:48.000 UTC,0.0,0.0,0.0,0.0,1.0,Quests on Coinbase Wallet - Quest #3 Attestation,2023-06-29 12:08:44.202429+00:00
OP Foundation,OP Foundation Sentry Wallet,OP Foundation Grants,2023-05-10 22:14:04.000 UTC,2023-05-10 22:14:04.000 UTC,0.0,0.0,0.0,0.0,881941.0,Quests on Coinbase Wallet - Quest #3 Attestation,2023-06-29 12:08:44.202429+00:00
Other,Other,Other,2023-02-09 21:18:25.000 UTC,2022-06-01 19:55:04.000 UTC,93758.08731223964,93758.08731223964,0.0,0.0,0.0,Quix,2023-06-29 12:08:44.202429+00:00
Other,xToken LP ,Other,2022-10-25 18:46:32.000 UTC,2022-10-25 18:46:32.000 UTC,594.5092699305409,594.5092699305409,0.0,0.0,0.0,Quix,2023-06-29 12:08:44.202429+00:00
OP Foundation,OP Foundation Wallet,OP Foundation Grants,2023-02-09 19:57:01.000 UTC,2022-10-19 16:37:09.000 UTC,0.0,0.0,0.0,0.0,1010066.6339568252,Quix,2023-06-29 12:08:44.202429+00:00
Other,Other,Other,2023-06-26 11:35:41.000 UTC,2023-05-15 18:59:47.000 UTC,124400.0,124400.0,0.0,0.0,0.0,Rabbithole,2023-06-29 12:08:44.202429+00:00
OP Foundation,OP Foundation Sentry Wallet,OP Foundation Grants,2023-06-23 13:17:21.000 UTC,2023-05-03 19:52:06.000 UTC,0.0,0.0,0.0,0.0,248500.0,Rabbithole,2023-06-29 12:08:44.202429+00:00
Other,Other,Other,2023-03-06 19:59:53.000 UTC,2023-02-20 18:09:15.000 UTC,114908.45974050317,114908.45974050317,0.0,0.0,0.0,Rainbow,2023-06-29 12:08:44.202429+00:00
OP Foundation,OP Foundation Wallet,OP Foundation Grants,2023-02-18 02:12:43.000 UTC,2023-02-18 02:12:43.000 UTC,0.0,0.0,0.0,0.0,420069.0,Rainbow,2023-06-29 12:08:44.202429+00:00
Deployed,Revert Finance,Distributor,2023-03-08 13:48:55.000 UTC,2022-11-30 17:32:05.000 UTC,0.0,240000.0,0.0,0.0,0.0,Revert Finance,2023-06-29 12:08:44.202429+00:00
Other,Other,Other,2023-06-23 08:21:21.000 UTC,2022-05-31 20:34:36.000 UTC,236382.96019227803,833.0789183035535,0.0,0.0,0.0,Revert Finance,2023-06-29 12:08:44.202429+00:00
Other,xToken LP ,Other,2023-02-10 20:36:46.000 UTC,2023-02-10 20:36:46.000 UTC,4.975,4.975,0.0,0.0,0.0,Revert Finance,2023-06-29 12:08:44.202429+00:00
OP Foundation,OP Foundation Wallet,OP Foundation Grants,2023-02-09 19:48:33.000 UTC,2022-10-19 20:18:31.000 UTC,0.0,0.0,0.0,0.0,240007.6832824366,Revert Finance,2023-06-29 12:08:44.202429+00:00
Other,xToken LP,Other,2023-02-10 06:40:34.000 UTC,2022-11-30 18:55:29.000 UTC,87.70881574267206,0.0,0.0,0.0,0.0,Revert Finance,2023-06-29 12:08:44.202429+00:00
Deployed,Rocket Pool,WETH/rETH: Beethoven X,2023-05-15 09:40:27.000 UTC,2022-11-09 23:24:21.000 UTC,0.0,345000.0,0.0,0.0,0.0,Rocket Pool,2023-06-29 12:08:44.202429+00:00
Deployed,Rocket Pool,vWETH/rETH: Velodrome,2023-06-21 11:16:07.000 UTC,2023-02-06 23:43:32.000 UTC,0.0,145712.0,0.0,0.0,0.0,Rocket Pool,2023-06-29 12:08:44.202429+00:00
Other,Other,Other,2023-06-29 08:51:03.000 UTC,2022-11-10 00:09:47.000 UTC,637810.0855133793,80368.0,0.0,0.0,0.0,Rocket Pool,2023-06-29 12:08:44.202429+00:00
Deployed,Rocket Pool,sWETH/rETH: Velodrome,2023-01-31 21:09:45.000 UTC,2022-11-30 04:24:24.000 UTC,0.0,21430.0,0.0,0.0,0.0,Rocket Pool,2023-06-29 12:08:44.202429+00:00
Project,Velodrome,"Season 2,Intermediate",2022-11-18 04:58:58.000 UTC,2022-11-18 04:58:58.000 UTC,0.0,2143.0,0.0,2143.0,0.0,Rocket Pool,2023-06-29 12:08:44.202429+00:00
OP Foundation,OP Foundation Wallet,OP Foundation Grants,2022-11-01 00:06:47.000 UTC,2022-11-01 00:06:47.000 UTC,0.0,0.0,0.0,0.0,600000.0,Rocket Pool,2023-06-29 12:08:44.202429+00:00
Project,Beethoven X,Season 1,2023-06-27 06:55:49.000 UTC,2023-05-28 12:24:18.000 UTC,0.0,0.0,14331.0,0.0,0.0,Rocket Pool,2023-06-29 12:08:44.202429+00:00
Other,1inch Swap,Other,2022-12-09 22:52:43.000 UTC,2022-08-09 09:13:12.000 UTC,195880.22846,195880.22846,0.0,0.0,0.0,Rotki,2023-06-29 12:08:44.202429+00:00
Other,Other,Other,2023-04-22 09:45:15.000 UTC,2023-02-28 09:37:01.000 UTC,155922.4619827529,155922.4619827529,0.0,0.0,0.0,Rotki,2023-06-29 12:08:44.202429+00:00
OP Foundation,OP Foundation Wallet,OP Foundation Grants,2023-02-09 19:47:02.000 UTC,2022-08-09 08:51:51.000 UTC,0.0,0.0,0.0,0.0,210578.0362524194,Rotki,2023-06-29 12:08:44.202429+00:00
OP Foundation,OP Foundation Sentry Wallet,OP Foundation Grants,2023-05-03 17:11:05.000 UTC,2023-04-22 09:07:12.000 UTC,0.0,0.0,0.0,0.0,148272.63999999998,Rotki,2023-06-29 12:08:44.202429+00:00
Deployed,Rubicon,Distributor,2022-08-21 21:38:43.000 UTC,2022-07-15 17:20:59.000 UTC,0.0,351000.0,0.0,0.0,0.0,Rubicon,2023-06-29 12:08:44.202429+00:00
Deployed,Rubicon,Distributor LM,2022-07-15 18:08:29.000 UTC,2022-07-15 17:49:03.000 UTC,0.0,324000.00000000006,0.0,0.0,0.0,Rubicon,2023-06-29 12:08:44.202429+00:00
Other,Rubicon LP,Other,2023-06-28 13:00:59.000 UTC,2022-06-08 17:12:12.000 UTC,182999.36493078867,91690.26770214278,0.0,0.0,0.0,Rubicon,2023-06-29 12:08:44.202429+00:00
Other,Other,Other,2023-06-29 10:31:31.000 UTC,2022-06-28 17:22:03.000 UTC,540186.6882915314,42396.085941248326,0.0,0.0,0.0,Rubicon,2023-06-29 12:08:44.202429+00:00
OP Foundation,OP Foundation Wallet,OP Foundation Grants,2023-02-09 20:06:11.000 UTC,2022-07-08 21:22:57.000 UTC,0.0,0.0,0.0,0.0,900254.3352601156,Rubicon,2023-06-29 12:08:44.202429+00:00
Other,xToken LP,Other,2022-11-12 01:08:11.000 UTC,2022-11-12 01:08:11.000 UTC,0.3750529935060633,0.0,0.0,0.0,0.0,Rubicon,2023-06-29 12:08:44.202429+00:00
Other,Aelin user,Other,2022-09-05 03:46:34.000 UTC,2022-09-05 03:46:34.000 UTC,311.00952248564266,0.0,0.0,0.0,0.0,Rubicon,2023-06-29 12:08:44.202429+00:00
Project,Rubicon,"Season 3,Phase 0",2023-02-09 22:05:27.000 UTC,2022-07-15 18:19:57.000 UTC,0.0,-15220.808571278772,0.0,0.0,0.0,Rubicon,2023-06-29 12:08:44.202429+00:00
OP Foundation,OP Foundation Sentry Wallet,OP Foundation Grants,2023-05-16 13:38:50.000 UTC,2023-05-16 13:38:50.000 UTC,0.0,0.0,0.0,0.0,80000.0,ShapeShift,2023-06-29 12:08:44.202429+00:00
Deployed,Slingshot,Distributor,2022-09-30 23:32:34.000 UTC,2022-08-26 17:25:50.000 UTC,0.0,124813.0,0.0,0.0,0.0,Slingshot,2023-06-29 12:08:44.202429+00:00
Other,Other,Other,2023-05-15 17:43:51.000 UTC,2022-07-08 16:53:40.000 UTC,130076.0,9523.0,0.0,0.0,0.0,Slingshot,2023-06-29 12:08:44.202429+00:00
OP Foundation,OP Foundation Wallet,OP Foundation Grants,2022-07-08 21:22:57.000 UTC,2022-07-08 21:22:57.000 UTC,0.0,0.0,0.0,0.0,300000.0,Slingshot,2023-06-29 12:08:44.202429+00:00
Project,Layer2dao,Phase 0,2022-11-30 16:44:26.000 UTC,2022-11-30 16:44:26.000 UTC,0.0,0.0,27500.0,0.0,0.0,Socket,2023-06-29 12:08:44.202429+00:00
Other,Other,Other,2023-06-21 15:50:33.000 UTC,2022-10-06 15:44:38.000 UTC,82498.11709872435,82498.11709872435,0.0,0.0,0.0,Sonne Finance,2023-06-29 12:08:44.202429+00:00
OP Foundation,OP Foundation Wallet,OP Foundation Grants,2023-04-25 17:49:16.000 UTC,2023-04-25 17:49:16.000 UTC,0.0,0.0,0.0,0.0,99999.99999999999,Sonne Finance,2023-06-29 12:08:44.202429+00:00
Deployed,Stargate Finance,LP Staking Time,2023-06-01 00:15:24.000 UTC,2022-08-04 19:06:01.000 UTC,0.0,499724.73000000004,0.0,0.0,0.0,Stargate Finance,2023-06-29 12:08:44.202429+00:00
Project,Beefy Finance,Season 1,2023-03-15 17:32:54.000 UTC,2023-03-15 17:32:54.000 UTC,0.0,75000.0,0.0,75000.0,0.0,Stargate Finance,2023-06-29 12:08:44.202429+00:00
Project,Galxe,Season 3,2023-05-28 18:50:28.000 UTC,2023-05-28 18:50:28.000 UTC,0.0,45000.0,0.0,45000.0,0.0,Stargate Finance,2023-06-29 12:08:44.202429+00:00
Other,Other,Other,2023-06-29 11:23:25.000 UTC,2022-07-13 23:21:32.000 UTC,427456.0251776282,1.0,0.0,0.0,0.0,Stargate Finance,2023-06-29 12:08:44.202429+00:00
Project,Velodrome,Intermediate Disperser,2023-06-23 16:59:27.000 UTC,2023-05-11 17:40:38.000 UTC,0.0,0.0,26256.901673999997,0.0,0.0,Stargate Finance,2023-06-29 12:08:44.202429+00:00
OP Foundation,OP Foundation Wallet,OP Foundation Grants,2022-07-19 23:03:40.000 UTC,2022-07-19 23:03:40.000 UTC,0.0,0.0,0.0,0.0,1000000.0,Stargate Finance,2023-06-29 12:08:44.202429+00:00
Deployed,Sushi,ComplexRewarderTime,2023-02-28 20:47:12.000 UTC,2023-02-28 20:47:12.000 UTC,0.0,49999.99999999999,0.0,0.0,0.0,Sushi,2023-06-29 12:08:44.202429+00:00
OP Foundation,OP Foundation Wallet,OP Foundation Grants,2022-11-24 12:49:31.000 UTC,2022-11-24 12:49:31.000 UTC,0.0,0.0,0.0,0.0,504000.0,Sushi,2023-06-29 12:08:44.202429+00:00
Other,Other,Other,2023-06-28 15:49:13.000 UTC,2023-02-18 20:20:08.000 UTC,50008.84852723685,0.0,0.0,0.0,0.0,Sushi,2023-06-29 12:08:44.202429+00:00
Other,Other,Other,2023-03-26 20:15:31.000 UTC,2023-03-25 19:54:25.000 UTC,850000.0,850000.0,0.0,0.0,0.0,Synapse,2023-06-29 12:08:44.202429+00:00
OP Foundation,OP Foundation Wallet,OP Foundation Grants,2023-03-24 16:59:27.000 UTC,2023-03-24 16:59:27.000 UTC,0.0,0.0,0.0,0.0,1000000.0,Synapse,2023-06-29 12:08:44.202429+00:00
Other,1inch Swap,Other,2023-04-20 19:26:05.000 UTC,2023-04-20 19:26:05.000 UTC,91886.0,91886.0,0.0,0.0,0.0,Synpress,2023-06-29 12:08:44.202429+00:00
OP Foundation,OP Foundation Sentry Wallet,OP Foundation Grants,2023-04-20 18:42:22.000 UTC,2023-04-20 18:39:51.000 UTC,0.0,0.0,0.0,0.0,91886.0,Synpress,2023-06-29 12:08:44.202429+00:00
Other,Other,Other,2023-06-29 11:20:39.000 UTC,2022-08-25 00:02:59.000 UTC,5636982.950177832,2924257.229843514,0.0,0.0,0.0,Synthetix,2023-06-29 12:08:44.202429+00:00
Deployed,Synthetix,SNXAmbassadors delegation,2022-10-17 22:18:24.000 UTC,2022-10-17 22:18:24.000 UTC,0.0,2000000.0,0.0,0.0,0.0,Synthetix,2023-06-29 12:08:44.202429+00:00
Deployed,Synthetix,sUSD-3Crv: Curve,2023-03-17 20:16:56.000 UTC,2022-08-25 12:27:40.000 UTC,0.0,590000.0,0.0,0.0,0.0,Synthetix,2023-06-29 12:08:44.202429+00:00
Deployed,Synthetix,sETH-ETH: Curve,2023-03-17 20:16:56.000 UTC,2022-08-25 12:29:25.000 UTC,0.0,590000.0,0.0,0.0,0.0,Synthetix,2023-06-29 12:08:44.202429+00:00
Deployed,Synthetix,USDC/sUSD: Velodrome,2023-06-15 18:25:05.000 UTC,2022-08-23 16:24:24.000 UTC,0.0,415000.0,0.0,0.0,0.0,Synthetix,2023-06-29 12:08:44.202429+00:00
Deployed,Synthetix,USDC/SNX: Velodrome,2023-03-17 20:16:56.000 UTC,2022-08-23 15:51:39.000 UTC,0.0,310000.0,0.0,0.0,0.0,Synthetix,2023-06-29 12:08:44.202429+00:00
Deployed,Synthetix,ETH/sETH: Velodrome,2023-03-17 20:16:56.000 UTC,2022-08-23 15:59:40.000 UTC,0.0,285000.0,0.0,0.0,0.0,Synthetix,2023-06-29 12:08:44.202429+00:00
Project,Lyra,Intermediate,2023-06-27 22:19:37.000 UTC,2023-01-11 03:04:49.000 UTC,0.0,170698.120959,0.0,170698.120959,0.0,Synthetix,2023-06-29 12:08:44.202429+00:00
Deployed,Synthetix,SNX Bridge: Hop,2023-05-05 17:06:22.000 UTC,2022-10-25 23:35:36.000 UTC,0.0,83000.0,0.0,0.0,0.0,Synthetix,2023-06-29 12:08:44.202429+00:00
Project,Polynomial Protocol,Phase 0,2023-05-23 22:14:56.000 UTC,2023-04-27 07:22:54.000 UTC,0.0,15213.02852,0.0,15213.02852,0.0,Synthetix,2023-06-29 12:08:44.202429+00:00
Deployed,Synthetix,sUSD Bridge: Hop,2023-06-06 02:43:15.000 UTC,2023-04-10 15:57:27.000 UTC,0.0,15000.0,0.0,0.0,0.0,Synthetix,2023-06-29 12:08:44.202429+00:00
Deployed,Kwenta,Distributor,2023-04-25 22:05:07.000 UTC,2022-08-24 12:01:27.000 UTC,0.0,12500.0,0.0,0.0,0.0,Synthetix,2023-06-29 12:08:44.202429+00:00
Project,dHedge,Season 2,2022-10-20 18:59:19.000 UTC,2022-10-20 18:59:19.000 UTC,0.0,7500.0,0.0,7500.0,0.0,Synthetix,2023-06-29 12:08:44.202429+00:00
Project,Velodrome,Intermediate Disperser,2023-03-30 18:19:03.000 UTC,2022-07-28 17:23:14.000 UTC,0.0,0.0,29953.540690600003,0.0,0.0,Synthetix,2023-06-29 12:08:44.202429+00:00
Other,Aelin user,Other,2023-04-14 21:49:33.000 UTC,2023-04-14 21:49:33.000 UTC,45.91674694498532,0.0,0.0,0.0,0.0,Synthetix,2023-06-29 12:08:44.202429+00:00
Project,Lido,Intermediate Wallet,2023-06-27 09:36:07.000 UTC,2023-06-27 09:36:07.000 UTC,0.0,0.0,6000.0,0.0,0.0,Synthetix,2023-06-29 12:08:44.202429+00:00
OP Foundation,OP Foundation Wallet,OP Foundation Grants,2022-07-27 11:39:58.000 UTC,2022-07-27 11:39:58.000 UTC,0.0,0.0,0.0,0.0,9000000.0,Synthetix,2023-06-29 12:08:44.202429+00:00
Project,Polynomial Protocol,Phase 0,2023-04-29 11:53:41.000 UTC,2022-08-15 07:49:57.000 UTC,0.0,0.0,12987.953146,0.0,0.0,Synthetix,2023-06-29 12:08:44.202429+00:00
Project,Synthetix,Multisig - Distributor,2023-04-05 19:49:51.000 UTC,2023-04-05 19:49:51.000 UTC,0.0,-103.1731406143824,0.0,0.0,0.0,Synthetix,2023-06-29 12:08:44.202429+00:00
Project,Synthetix,Phase 0,2023-05-09 01:33:37.000 UTC,2022-12-01 13:11:36.000 UTC,0.0,-2028431.8930677618,0.0,0.0,0.0,Synthetix,2023-06-29 12:08:44.202429+00:00
OP Foundation,OP Foundation Wallet,OP Foundation Grants,2022-11-25 17:45:19.000 UTC,2022-11-25 17:45:19.000 UTC,0.0,0.0,0.0,0.0,540000.0,Tarot,2023-06-29 12:08:44.202429+00:00
Deployed,Thales,Distributor,2023-06-26 09:54:47.000 UTC,2022-07-15 15:59:30.000 UTC,0.0,1228070.55,0.0,0.0,0.0,Thales,2023-06-29 12:08:44.202429+00:00
Other,Other,Other,2023-06-29 11:13:43.000 UTC,2022-07-08 00:08:25.000 UTC,1280860.1687325635,101565.6789687816,0.0,0.0,0.0,Thales,2023-06-29 12:08:44.202429+00:00
Project,Velodrome,"Season 2,Intermediate",2022-08-05 09:46:36.000 UTC,2022-08-05 09:46:36.000 UTC,0.0,1302.0,0.0,1302.0,0.0,Thales,2023-06-29 12:08:44.202429+00:00
Other,xToken LP,Other,2022-12-19 20:31:53.000 UTC,2022-12-19 20:31:53.000 UTC,0.18,0.0,0.0,0.0,0.0,Thales,2023-06-29 12:08:44.202429+00:00
Other,1inch Swap,Other,2022-09-10 20:22:38.000 UTC,2022-09-10 20:22:38.000 UTC,16.867362080440977,0.0,0.0,0.0,0.0,Thales,2023-06-29 12:08:44.202429+00:00
Project,Velodrome,Intermediate Disperser,2022-08-04 17:38:45.000 UTC,2022-07-28 19:09:57.000 UTC,0.0,0.0,5222.813,0.0,0.0,Thales,2023-06-29 12:08:44.202429+00:00
Other,xToken LP ,Other,2023-03-01 19:51:57.000 UTC,2023-03-01 19:51:57.000 UTC,4.46,0.0,0.0,0.0,0.0,Thales,2023-06-29 12:08:44.202429+00:00
OP Foundation,OP Foundation Wallet,OP Foundation Grants,2023-04-07 11:33:47.000 UTC,2022-07-08 21:22:57.000 UTC,0.0,0.0,0.0,0.0,1300254.3352601156,Thales,2023-06-29 12:08:44.202429+00:00
Project,Layer2dao,Phase 0,2022-09-06 19:17:37.000 UTC,2022-09-06 19:17:37.000 UTC,0.0,0.0,27500.0,0.0,0.0,Thales,2023-06-29 12:08:44.202429+00:00
Project,Polynomial Protocol,Phase 0,2022-08-15 07:49:57.000 UTC,2022-08-15 07:49:57.000 UTC,0.0,0.0,11570.0,0.0,0.0,Thales,2023-06-29 12:08:44.202429+00:00
Project,Thales,Contract Deployer,2023-05-04 13:26:18.000 UTC,2023-03-13 11:15:54.000 UTC,0.0,-102.71171405044053,0.0,0.0,0.0,Thales,2023-06-29 12:08:44.202429+00:00
Project,Thales,"Phase 0,Season 2,Season 3",2023-03-03 19:29:59.000 UTC,2022-06-02 10:34:35.000 UTC,0.0,-36587.25809214993,0.0,0.0,0.0,Thales,2023-06-29 12:08:44.202429+00:00
Other,Other,Other,2023-06-07 20:58:07.000 UTC,2023-06-07 20:51:33.000 UTC,11994.0,11994.0,0.0,0.0,0.0,The Optimistic Series,2023-06-29 12:08:44.202429+00:00
OP Foundation,OP Foundation Wallet,OP Foundation Grants,2023-03-30 19:59:17.000 UTC,2023-03-30 19:59:17.000 UTC,0.0,0.0,0.0,0.0,12000.0,The Optimistic Series,2023-06-29 12:08:44.202429+00:00
OP Foundation,OP Foundation Sentry Wallet,OP Foundation Grants,2023-05-20 08:04:56.000 UTC,2023-05-20 08:04:56.000 UTC,0.0,0.0,0.0,0.0,18000.0,The Optimistic Series,2023-06-29 12:08:44.202429+00:00
Project,xToken,Intermediate,2023-05-01 17:43:16.000 UTC,2022-10-25 21:30:41.000 UTC,0.0,204166.66,0.0,204166.66,0.0,Uniswap,2023-06-29 12:08:44.202429+00:00
Project,xToken,Season 1,2023-05-01 17:41:46.000 UTC,2022-10-25 21:44:23.000 UTC,0.0,204166.66,0.0,204166.66,0.0,Uniswap,2023-06-29 12:08:44.202429+00:00
Project,Arrakis Finance,Uniswap Grants,2023-05-01 18:34:16.000 UTC,2022-10-26 13:08:02.000 UTC,0.0,204166.66,0.0,204166.66,0.0,Uniswap,2023-06-29 12:08:44.202429+00:00
Project,DefiEdge,Uniswap Grants,2023-05-01 18:33:01.000 UTC,2023-01-18 05:00:01.000 UTC,0.0,187500.0,0.0,187500.0,0.0,Uniswap,2023-06-29 12:08:44.202429+00:00
OP Foundation,OP Foundation Wallet,OP Foundation Grants,2022-09-07 15:07:22.000 UTC,2022-09-07 15:07:22.000 UTC,0.0,0.0,0.0,0.0,1000000.0,Uniswap,2023-06-29 12:08:44.202429+00:00
Other,Other,Other,2023-06-28 21:56:11.000 UTC,2022-07-11 17:23:08.000 UTC,5678553.299080381,5545287.47108038,0.0,0.0,0.0,Velodrome,2023-06-29 12:08:44.202429+00:00
Deployed,Synthetix,USDC/sUSD: Velodrome,2023-06-21 01:37:47.000 UTC,2022-08-23 17:58:52.000 UTC,0.0,217992.8,0.0,0.0,0.0,Velodrome,2023-06-29 12:08:44.202429+00:00
Deployed,Synthetix,ETH/sETH: Velodrome,2023-05-24 18:01:22.000 UTC,2022-08-23 18:23:35.000 UTC,0.0,191557.0,0.0,0.0,0.0,Velodrome,2023-06-29 12:08:44.202429+00:00
Deployed,Synthetix,USDC/SNX: Velodrome,2023-06-21 01:37:47.000 UTC,2022-08-23 17:57:20.000 UTC,0.0,171817.09999999998,0.0,0.0,0.0,Velodrome,2023-06-29 12:08:44.202429+00:00
Deployed,Velodrome,Distributor,2022-08-11 20:31:20.000 UTC,2022-08-11 20:31:20.000 UTC,0.0,139670.0,0.0,0.0,0.0,Velodrome,2023-06-29 12:08:44.202429+00:00
Deployed,QiDao,sUSDC/MAI: Velodrome,2023-06-21 01:37:47.000 UTC,2022-08-23 15:16:46.000 UTC,0.0,123489.37999999999,0.0,0.0,0.0,Velodrome,2023-06-29 12:08:44.202429+00:00
Deployed,Overnight,USD+/USDC: Velodrome,2023-06-21 01:37:47.000 UTC,2022-09-26 18:33:11.000 UTC,0.0,50246.16,0.0,0.0,0.0,Velodrome,2023-06-29 12:08:44.202429+00:00
Deployed,Overnight,USD+/DOLA: Velodrome,2023-06-21 16:12:15.000 UTC,2023-01-31 22:26:33.000 UTC,0.0,50172.14,0.0,0.0,0.0,Velodrome,2023-06-29 12:08:44.202429+00:00
Other,1inch Swap,Other,2023-05-28 13:59:37.000 UTC,2022-09-07 20:56:26.000 UTC,43470.49380055,43470.49380055,0.0,0.0,0.0,Velodrome,2023-06-29 12:08:44.202429+00:00
Project,Alchemix,Season 2,2023-06-08 19:01:03.000 UTC,2022-08-18 14:53:05.000 UTC,0.0,36111.9196864,0.0,36111.9196864,0.0,Velodrome,2023-06-29 12:08:44.202429+00:00
Deployed,Beefy Finance,BIFI/WETH: Velodrome,2023-06-21 01:37:47.000 UTC,2022-10-05 15:45:10.000 UTC,0.0,30267.699999999997,0.0,0.0,0.0,Velodrome,2023-06-29 12:08:44.202429+00:00
Project,Synthetix,Phase 0,2023-03-30 18:19:03.000 UTC,2022-07-28 17:23:14.000 UTC,0.0,29953.5406906,0.0,29953.5406906,0.0,Velodrome,2023-06-29 12:08:44.202429+00:00
Deployed,Rocket Pool,vWETH/rETH: Velodrome,2023-06-21 16:12:15.000 UTC,2023-02-15 16:00:28.000 UTC,0.0,27128.81,0.0,0.0,0.0,Velodrome,2023-06-29 12:08:44.202429+00:00
Project,Stargate Finance,Phase 0,2023-06-23 16:59:27.000 UTC,2023-05-11 17:40:38.000 UTC,0.0,26256.901674,0.0,26256.901674,0.0,Velodrome,2023-06-29 12:08:44.202429+00:00
Deployed,dHedge,DHT/OP: Velodrome,2023-06-21 01:37:47.000 UTC,2023-02-07 18:34:25.000 UTC,0.0,24494.02,0.0,0.0,0.0,Velodrome,2023-06-29 12:08:44.202429+00:00
Deployed,Beefy Finance,BIFI/OP: Velodrome,2023-06-21 16:12:15.000 UTC,2022-09-13 18:09:59.000 UTC,0.0,21576.9,0.0,0.0,0.0,Velodrome,2023-06-29 12:08:44.202429+00:00
Project,Angle,Intermediate,2022-09-29 16:29:25.000 UTC,2022-07-28 19:09:57.000 UTC,0.0,17686.115516500002,0.0,17686.115516500002,0.0,Velodrome,2023-06-29 12:08:44.202429+00:00
Deployed,Angle,agEUR/MAI: Velodrome,2023-03-08 17:12:11.000 UTC,2022-09-06 14:00:38.000 UTC,0.0,14816.0,0.0,0.0,0.0,Velodrome,2023-06-29 12:08:44.202429+00:00
Deployed,Lido,wstETH/WETH: Velodrome,2023-06-21 01:37:47.000 UTC,2023-02-07 18:50:26.000 UTC,0.0,14569.61,0.0,0.0,0.0,Velodrome,2023-06-29 12:08:44.202429+00:00
Project,QiDao,Season 1,2022-10-14 17:03:13.000 UTC,2022-09-15 17:59:26.000 UTC,0.0,12055.337472,0.0,12055.337472,0.0,Velodrome,2023-06-29 12:08:44.202429+00:00
Deployed,Rocket Pool,sWETH/rETH: Velodrome,2023-02-01 15:29:37.000 UTC,2022-11-16 23:38:34.000 UTC,0.0,10904.0,0.0,0.0,0.0,Velodrome,2023-06-29 12:08:44.202429+00:00
Deployed,Alchemix,alETH/WETH: Velodrome,2023-06-21 19:01:07.000 UTC,2023-01-10 18:19:41.000 UTC,0.0,9773.1,0.0,0.0,0.0,Velodrome,2023-06-29 12:08:44.202429+00:00
Deployed,Overnight,USD+/LUSD: Velodrome,2023-06-21 16:12:15.000 UTC,2022-09-27 18:48:33.000 UTC,0.0,9655.0,0.0,0.0,0.0,Velodrome,2023-06-29 12:08:44.202429+00:00
Deployed,Lido,wstETH/OP: Velodrome,2023-06-21 01:37:47.000 UTC,2023-01-25 22:07:17.000 UTC,0.0,8187.23,0.0,0.0,0.0,Velodrome,2023-06-29 12:08:44.202429+00:00
Deployed,Layer2dao,L2DAO/OP: Velodrome,2022-09-07 17:20:56.000 UTC,2022-08-22 22:04:02.000 UTC,0.0,6800.0,0.0,0.0,0.0,Velodrome,2023-06-29 12:08:44.202429+00:00
Deployed,Lido,wstETH/USDC: Velodrome,2023-05-31 13:12:18.000 UTC,2023-02-01 19:39:58.000 UTC,0.0,5657.7,0.0,0.0,0.0,Velodrome,2023-06-29 12:08:44.202429+00:00
Project,Lyra,Intermediate,2022-07-28 19:09:57.000 UTC,2022-07-28 19:09:57.000 UTC,0.0,5305.409,0.0,5305.409,0.0,Velodrome,2023-06-29 12:08:44.202429+00:00
Project,Thales,"Phase 0,Season 2,Season 3",2022-08-04 17:38:45.000 UTC,2022-07-28 19:09:57.000 UTC,0.0,5222.813,0.0,5222.813,0.0,Velodrome,2023-06-29 12:08:44.202429+00:00
Deployed,Angle,OP/agEUR: Velodrome,2023-06-21 16:12:15.000 UTC,2023-02-22 15:33:12.000 UTC,0.0,1722.8,0.0,0.0,0.0,Velodrome,2023-06-29 12:08:44.202429+00:00
Other,xToken LP ,Other,2022-10-28 17:53:45.000 UTC,2022-09-15 20:30:53.000 UTC,1569.7650130694144,1569.7650130694144,0.0,0.0,0.0,Velodrome,2023-06-29 12:08:44.202429+00:00
Project,Layer2dao,Phase 0,2022-08-18 18:10:47.000 UTC,2022-07-28 17:23:14.000 UTC,0.0,1557.3300000000002,0.0,1557.3300000000002,0.0,Velodrome,2023-06-29 12:08:44.202429+00:00
Deployed,Angle,USDC/agEUR: Velodrome,2023-06-21 16:12:15.000 UTC,2023-03-22 14:31:44.000 UTC,0.0,614.0,0.0,0.0,0.0,Velodrome,2023-06-29 12:08:44.202429+00:00
Project,Hop Protocol,Phase 0,2022-08-04 17:38:45.000 UTC,2022-08-04 17:38:45.000 UTC,0.0,552.193,0.0,552.193,0.0,Velodrome,2023-06-29 12:08:44.202429+00:00
Project,Perpetual Protocol,Phase 0,2022-07-28 19:08:11.000 UTC,2022-07-28 19:08:11.000 UTC,0.0,13.884,0.0,13.884,0.0,Velodrome,2023-06-29 12:08:44.202429+00:00
Project,Thales,"Phase 0,Season 2,Season 3",2022-08-05 09:46:36.000 UTC,2022-08-05 09:46:36.000 UTC,0.0,0.0,1302.0,0.0,0.0,Velodrome,2023-06-29 12:08:44.202429+00:00
OP Foundation,OP Foundation Wallet,OP Foundation Grants,2023-02-09 20:01:34.000 UTC,2022-07-14 14:26:23.000 UTC,0.0,0.0,0.0,0.0,7001098.975280568,Velodrome,2023-06-29 12:08:44.202429+00:00
Project,Aelin,Phase 0,2022-08-17 03:55:38.000 UTC,2022-07-19 11:52:43.000 UTC,0.0,0.0,19827.0,0.0,0.0,Velodrome,2023-06-29 12:08:44.202429+00:00
Project,Rocket Pool,Season 1,2022-11-18 04:58:58.000 UTC,2022-11-18 04:58:58.000 UTC,0.0,0.0,2143.0,0.0,0.0,Velodrome,2023-06-29 12:08:44.202429+00:00
Project,Layer2dao,Phase 0,2022-08-15 06:37:33.000 UTC,2022-07-19 04:10:24.000 UTC,0.0,0.0,24000.0,0.0,0.0,Velodrome,2023-06-29 12:08:44.202429+00:00
Other,Other,Other,2023-04-11 22:07:09.000 UTC,2023-04-11 22:07:09.000 UTC,100.0,100.0,0.0,0.0,0.0,Vesper,2023-06-29 12:08:44.202429+00:00
Other,Other,Other,2023-05-25 10:50:00.000 UTC,2023-05-05 09:04:20.000 UTC,4310.0,4310.0,0.0,0.0,0.0,Via Protocol,2023-06-29 12:08:44.202429+00:00
OP Foundation,OP Foundation Wallet,OP Foundation Grants,2023-03-18 12:16:01.000 UTC,2023-03-18 12:16:01.000 UTC,0.0,0.0,0.0,0.0,250000.0,Via Protocol,2023-06-29 12:08:44.202429+00:00
Other,Other,Other,2023-02-17 13:29:37.000 UTC,2023-02-17 13:12:42.000 UTC,10000.0,10000.0,0.0,0.0,0.0,WardenSwap,2023-06-29 12:08:44.202429+00:00
OP Foundation,OP Foundation Wallet,OP Foundation Grants,2022-11-26 18:31:40.000 UTC,2022-11-26 18:31:40.000 UTC,0.0,0.0,0.0,0.0,300000.0,WardenSwap,2023-06-29 12:08:44.202429+00:00
Deployed,WePiggy,LockDrop,2022-08-03 02:44:13.000 UTC,2022-08-03 02:44:13.000 UTC,0.0,212459.01639344302,0.0,0.0,0.0,WePiggy,2023-06-29 12:08:44.202429+00:00
Deployed,WePiggy,Distributor,2023-02-07 07:00:13.000 UTC,2022-08-01 07:28:55.000 UTC,0.0,206857.26777642147,0.0,0.0,0.0,WePiggy,2023-06-29 12:08:44.202429+00:00
Other,Other,Other,2023-06-20 11:54:53.000 UTC,2022-08-01 07:31:57.000 UTC,299753.2999551947,1728.586426435652,0.0,0.0,0.0,WePiggy,2023-06-29 12:08:44.202429+00:00
OP Foundation,OP Foundation Wallet,OP Foundation Grants,2023-02-09 19:52:23.000 UTC,2022-07-26 06:28:57.000 UTC,0.0,0.0,0.0,0.0,300008.46695783624,WePiggy,2023-06-29 12:08:44.202429+00:00
Project,WePiggy,Intermediate,2022-11-17 07:07:23.000 UTC,2022-08-03 02:19:39.000 UTC,0.0,-121035.11328926511,0.0,0.0,0.0,WePiggy,2023-06-29 12:08:44.202429+00:00
Other,Other,Other,2023-06-15 12:56:05.000 UTC,2023-05-17 16:10:00.000 UTC,550000.0,550000.0,0.0,0.0,0.0,Yearn,2023-06-29 12:08:44.202429+00:00
OP Foundation,OP Foundation Wallet,OP Foundation Grants,2022-11-24 15:01:22.000 UTC,2022-11-24 15:01:22.000 UTC,0.0,0.0,0.0,0.0,1000000.0,Yearn,2023-06-29 12:08:44.202429+00:00
Other,Other,Other,2023-06-23 15:59:43.000 UTC,2022-07-08 00:49:09.000 UTC,31163.0,31163.0,0.0,0.0,0.0,Zeroex (0x),2023-06-29 12:08:44.202429+00:00
OP Foundation,OP Foundation Wallet,OP Foundation Grants,2022-07-08 21:22:57.000 UTC,2022-07-08 21:22:57.000 UTC,0.0,0.0,0.0,0.0,300000.0,Zeroex (0x),2023-06-29 12:08:44.202429+00:00
Other,Other,Other,2022-05-31 22:04:52.000 UTC,2022-05-31 22:04:52.000 UTC,2469.3580921499392,2469.3580921499392,0.0,0.0,0.0,Zipswap,2023-06-29 12:08:44.202429+00:00
OP Foundation,OP Foundation Wallet,OP Foundation Grants,2023-02-09 19:49:35.000 UTC,2023-02-09 19:49:35.000 UTC,0.0,0.0,0.0,0.0,26.43032894288744,Zipswap,2023-06-29 12:08:44.202429+00:00
Other,dForceOP Pool,Other,2023-03-07 00:27:50.000 UTC,2022-09-30 07:14:46.000 UTC,427704.44695763267,427704.44695763267,0.0,0.0,0.0,dForce,2023-06-29 12:08:44.202429+00:00
Deployed,dForce,Distributor,2023-06-02 08:28:56.000 UTC,2022-11-29 07:10:54.000 UTC,0.0,160209.39904148568,0.0,0.0,0.0,dForce,2023-06-29 12:08:44.202429+00:00
Other,Other,Other,2023-06-29 08:06:47.000 UTC,2022-09-23 03:19:26.000 UTC,176301.54585192524,16350.0,0.0,0.0,0.0,dForce,2023-06-29 12:08:44.202429+00:00
OP Foundation,OP Foundation Wallet,OP Foundation Grants,2023-02-09 19:50:36.000 UTC,2022-09-30 07:12:01.000 UTC,0.0,0.0,0.0,0.0,300004.36205454264,dForce,2023-06-29 12:08:44.202429+00:00
OP Foundation,OP Foundation Sentry Wallet,OP Foundation Grants,2023-05-21 14:49:42.000 UTC,2023-05-21 14:49:42.000 UTC,0.0,0.0,0.0,0.0,80000.0,dForce,2023-06-29 12:08:44.202429+00:00
Project,dForce,Intermediate,2023-01-07 03:26:10.000 UTC,2023-01-07 03:26:10.000 UTC,0.0,-200.08490309001738,0.0,0.0,0.0,dForce,2023-06-29 12:08:44.202429+00:00
Other,Other,Other,2023-06-29 03:23:43.000 UTC,2022-06-01 01:52:22.000 UTC,418833.0193712288,193241.4230023673,0.0,0.0,0.0,dHedge,2023-06-29 12:08:44.202429+00:00
Deployed,dHedge,Distributor,2023-03-23 11:42:36.000 UTC,2023-01-18 00:37:51.000 UTC,0.0,130000.0,0.0,0.0,0.0,dHedge,2023-06-29 12:08:44.202429+00:00
Deployed,dHedge,DHT/OP: Velodrome,2023-06-20 01:54:27.000 UTC,2023-02-02 04:29:59.000 UTC,0.0,71970.0,0.0,0.0,0.0,dHedge,2023-06-29 12:08:44.202429+00:00
Project,Synthetix,Multisig - Distributor,2022-10-20 18:59:19.000 UTC,2022-10-20 18:59:19.000 UTC,0.0,0.0,7500.0,0.0,0.0,dHedge,2023-06-29 12:08:44.202429+00:00
OP Foundation,OP Foundation Wallet,OP Foundation Grants,2023-02-09 20:08:28.000 UTC,2022-10-21 01:42:51.000 UTC,0.0,0.0,0.0,0.0,352906.7140660299,dHedge,2023-06-29 12:08:44.202429+00:00
OP Foundation,OP Foundation Sentry Wallet,OP Foundation Grants,2023-06-23 06:42:19.000 UTC,2023-06-23 06:42:19.000 UTC,0.0,0.0,0.0,0.0,10197.320000000002,dm3 Protocol,2023-06-29 12:08:44.202429+00:00
Other,Other,Other,2023-06-29 11:21:13.000 UTC,2022-05-31 22:35:37.000 UTC,940197.5569977682,822341.3081865922,0.0,0.0,0.0,xToken,2023-06-29 12:08:44.202429+00:00
Deployed,xToken,Rewarder,2023-05-03 16:38:53.000 UTC,2023-01-18 14:43:09.000 UTC,0.0,187500.0,0.0,0.0,0.0,xToken,2023-06-29 12:08:44.202429+00:00
Project,Uniswap,Phase 0,2023-05-01 17:43:16.000 UTC,2022-10-25 21:30:41.000 UTC,0.0,0.0,408333.32,0.0,0.0,xToken,2023-06-29 12:08:44.202429+00:00
OP Foundation,OP Foundation Wallet,OP Foundation Grants,2023-02-09 20:05:25.000 UTC,2022-09-13 21:24:23.000 UTC,0.0,0.0,0.0,0.0,600007.965053664,xToken,2023-06-29 12:08:44.202429+00:00
Other,xToken LP,Other,2023-05-10 18:12:58.000 UTC,2023-01-19 18:41:02.000 UTC,188.5408708994801,0.0,0.0,0.0,0.0,xToken,2023-06-29 12:08:44.202429+00:00
