,counterparty_label,counterparty_name,counterparty_type,max_block_time,min_block_time,op_claimed,op_deployed,op_from_other_projects,op_to_other_projects,op_to_project,project_name,last_updated
0,Deployed,1inch,Distributor,2022-09-05 11:36:07.000 UTC,2022-09-05 11:36:07.000 UTC,0.0,300000.0,0.0,0.0,0.0,1inch,2023-04-07 15:08:41.549544+00:00
1,OP Foundation,OP Foundation Wallet,OP Foundation Grants,2022-08-15 07:58:07.000 UTC,2022-08-15 07:58:07.000 UTC,0.0,0.0,0.0,0.0,300000.0,1inch,2023-04-07 15:08:41.549544+00:00
2,Other,Other,Other,2023-03-31 02:50:05.000 UTC,2022-09-06 08:46:57.000 UTC,26969.857218402984,0.0,0.0,0.0,0.0,1inch,2023-04-07 15:08:41.549544+00:00
3,Other,Other,Aave - Liquidity Mining,2023-04-06 22:36:22.000 UTC,2022-08-04 16:35:22.000 UTC,4823002.598400634,4823002.598400634,0.0,0.0,0.0,Aave,2023-04-07 15:08:41.549544+00:00
4,Project,Other,Aave - Liquidity Mining,2023-02-28 09:32:30.000 UTC,2022-10-05 17:52:24.000 UTC,0.0,604.6917578271443,0.0,604.6917578271443,0.0,Aave,2023-04-07 15:08:41.549544+00:00
5,OP Foundation,OP Foundation Wallet,OP Foundation Grants,2022-08-03 16:35:55.000 UTC,2022-08-03 16:35:55.000 UTC,0.0,0.0,0.0,0.0,300000.0,Aave,2023-04-07 15:08:41.549544+00:00
6,Other,Other,Other,2022-09-18 02:45:15.000 UTC,2022-07-10 01:39:08.000 UTC,732067.786666667,732067.786666667,0.0,0.0,0.0,Aelin,2023-04-07 15:08:41.549544+00:00
7,Other,Aelin user,Other,2022-09-18 02:45:15.000 UTC,2022-09-18 02:45:15.000 UTC,148106.21333333335,148106.21333333335,0.0,0.0,0.0,Aelin,2023-04-07 15:08:41.549544+00:00
8,Project,Velodrome,Season 2,2022-08-17 03:55:38.000 UTC,2022-07-19 11:52:43.000 UTC,0.0,19827.0,0.0,19827.0,0.0,Aelin,2023-04-07 15:08:41.549544+00:00
9,OP Foundation,OP Foundation Wallet,OP Foundation Grants,2022-07-14 03:34:07.000 UTC,2022-07-14 03:34:07.000 UTC,0.0,0.0,0.0,0.0,900000.0,Aelin,2023-04-07 15:08:41.549544+00:00
10,Other,Other,Other,2023-04-07 13:59:33.000 UTC,2022-05-31 14:39:05.000 UTC,164013307.21090543,164013307.21090543,0.0,0.0,0.0,Airdrop #1 Distributor,2023-04-07 15:08:41.549544+00:00
11,Other,xToken LP,Other,2022-05-31 17:43:15.000 UTC,2022-05-31 17:43:15.000 UTC,7477.66485246904,7477.66485246904,0.0,0.0,0.0,Airdrop #1 Distributor,2023-04-07 15:08:41.549544+00:00
12,Other,Aelin user,Other,2022-08-16 18:33:24.000 UTC,2022-08-16 18:33:24.000 UTC,7331.1651194665,7331.1651194665,0.0,0.0,0.0,Airdrop #1 Distributor,2023-04-07 15:08:41.549544+00:00
13,Deployed,Thales,Distributor,2022-06-08 21:38:03.000 UTC,2022-06-01 11:40:13.000 UTC,0.0,6905.851248523099,0.0,0.0,0.0,Airdrop #1 Distributor,2023-04-07 15:08:41.549544+00:00
14,Other,Lyra Unknown,Other,2022-05-31 23:24:22.000 UTC,2022-05-31 23:24:22.000 UTC,2469.3580921499392,2469.3580921499392,0.0,0.0,0.0,Airdrop #1 Distributor,2023-04-07 15:08:41.549544+00:00
15,Other,Other,Other,2023-04-07 12:30:03.000 UTC,2023-01-20 12:49:04.000 UTC,31172.543763148686,30272.514234036174,0.0,0.0,0.0,Alchemix,2023-04-07 15:08:41.549544+00:00
16,Deployed,Alchemix,alETH/WETH: Velodrome,2023-03-31 11:27:40.000 UTC,2023-01-08 01:17:36.000 UTC,0.0,17500.0,0.0,0.0,0.0,Alchemix,2023-04-07 15:08:41.549544+00:00
17,OP Foundation,OP Foundation Wallet,OP Foundation Grants,2023-01-08 01:17:36.000 UTC,2023-01-08 01:17:36.000 UTC,0.0,0.0,0.0,0.0,250000.0,Alchemix,2023-04-07 15:08:41.549544+00:00
18,Project,Alchemix,Season 2,2023-03-31 11:27:40.000 UTC,2023-01-13 05:11:28.000 UTC,0.0,-19711.115635150076,0.0,0.0,0.0,Alchemix,2023-04-07 15:08:41.549544+00:00
19,Other,Other,Other,2023-04-05 20:34:24.000 UTC,2022-08-22 06:24:37.000 UTC,42278.53136858202,39009.999328,0.0,0.0,0.0,Angle,2023-04-07 15:08:41.549544+00:00
20,Deployed,Angle,OP/agEUR: Velodrome,2023-03-06 11:10:16.000 UTC,2023-02-20 12:07:35.000 UTC,0.0,3400.0,0.0,0.0,0.0,Angle,2023-04-07 15:08:41.549544+00:00
21,Other,1inch Swap,Other,2023-02-10 10:37:21.000 UTC,2023-02-10 10:37:21.000 UTC,500.0,500.0,0.0,0.0,0.0,Angle,2023-04-07 15:08:41.549544+00:00
22,OP Foundation,OP Foundation Wallet,OP Foundation Grants,2022-11-28 08:45:44.000 UTC,2022-11-28 08:45:44.000 UTC,0.0,0.0,0.0,0.0,250000.0,Angle,2023-04-07 15:08:41.549544+00:00
23,OP Foundation,OP Airdrop 2 Distributor,OP Foundation Grants,2023-02-09 19:02:41.000 UTC,2023-02-09 19:02:41.000 UTC,0.0,0.0,0.0,0.0,975.8961255347491,Angle,2023-04-07 15:08:41.549544+00:00
24,Project,Angle,Intermediate,2023-03-14 13:55:15.000 UTC,2023-02-28 10:14:07.000 UTC,0.0,-1133.4831332244817,0.0,0.0,0.0,Angle,2023-04-07 15:08:41.549544+00:00
25,Other,Other,Other,2023-02-03 20:24:52.000 UTC,2022-10-25 13:01:54.000 UTC,41670.05999999999,41670.05999999999,0.0,0.0,0.0,Arrakis Finance,2023-04-07 15:08:41.549544+00:00
26,Project,Uniswap,Phase 0,2023-01-17 22:03:40.000 UTC,2022-10-26 13:08:02.000 UTC,0.0,0.0,41666.659999999996,0.0,0.0,Arrakis Finance,2023-04-07 15:08:41.549544+00:00
27,Other,Other,Other,2022-11-08 15:58:52.000 UTC,2022-10-20 17:08:57.000 UTC,33000.0,33000.0,0.0,0.0,0.0,Bankless Academy,2023-04-07 15:08:41.549544+00:00
28,OP Foundation,OP Foundation Wallet,OP Foundation Grants,2022-10-20 10:16:39.000 UTC,2022-10-20 10:16:39.000 UTC,0.0,0.0,0.0,0.0,33000.0,Bankless Academy,2023-04-07 15:08:41.549544+00:00
29,Other,Other,Other,2023-04-07 12:17:17.000 UTC,2022-09-13 16:38:10.000 UTC,340200.7798385064,131616.0,0.0,0.0,0.0,Beefy Finance,2023-04-07 15:08:41.549544+00:00
30,Deployed,Beefy Finance,BIFI/WETH: Velodrome,2023-04-03 16:11:13.000 UTC,2022-10-07 08:45:18.000 UTC,0.0,76375.0,0.0,0.0,0.0,Beefy Finance,2023-04-07 15:08:41.549544+00:00
31,Deployed,Beefy Finance,Beefy Launchpool,2022-12-19 12:31:28.000 UTC,2022-10-25 17:14:55.000 UTC,0.0,44999.0,0.0,0.0,0.0,Beefy Finance,2023-04-07 15:08:41.549544+00:00
32,Deployed,Beefy Finance,BIFI/OP: Velodrome,2023-04-03 16:09:42.000 UTC,2022-09-13 16:46:50.000 UTC,0.0,42500.0,0.0,0.0,0.0,Beefy Finance,2023-04-07 15:08:41.549544+00:00
33,Other,1inch Swap,Other,2023-03-27 20:38:41.000 UTC,2023-01-30 22:42:23.000 UTC,13465.0,13465.0,0.0,0.0,0.0,Beefy Finance,2023-04-07 15:08:41.549544+00:00
34,Other,xToken LP ,Other,2023-03-02 17:58:25.000 UTC,2023-03-02 17:58:25.000 UTC,6.672569447080187,6.672569447080187,0.0,0.0,0.0,Beefy Finance,2023-04-07 15:08:41.549544+00:00
35,OP Foundation,OP Airdrop 2 Distributor,OP Foundation Grants,2023-02-09 19:32:57.000 UTC,2023-02-09 19:32:57.000 UTC,0.0,0.0,0.0,0.0,6.672569447080187,Beefy Finance,2023-04-07 15:08:41.549544+00:00
36,OP Foundation,OP Foundation Wallet,OP Foundation Grants,2022-09-12 21:18:28.000 UTC,2022-09-12 21:18:28.000 UTC,0.0,0.0,0.0,0.0,650000.0,Beefy Finance,2023-04-07 15:08:41.549544+00:00
37,Project,Stargate Finance,Phase 0,2023-03-15 17:32:54.000 UTC,2023-03-15 17:32:54.000 UTC,0.0,0.0,75000.0,0.0,0.0,Beefy Finance,2023-04-07 15:08:41.549544+00:00
38,Deployed,Beethoven X,Pool,2023-01-05 21:54:07.000 UTC,2022-09-29 17:01:37.000 UTC,0.0,119647.50999999998,0.0,0.0,0.0,Beethoven X,2023-04-07 15:08:41.549544+00:00
39,Other,Other,Other,2023-03-31 21:01:54.000 UTC,2022-08-19 22:07:10.000 UTC,200036.38,53184.130000000005,0.0,0.0,0.0,Beethoven X,2023-04-07 15:08:41.549544+00:00
40,Deployed,Beethoven X,Distributor,2023-01-05 21:54:07.000 UTC,2022-11-24 17:30:49.000 UTC,0.0,27204.739999999998,0.0,0.0,0.0,Beethoven X,2023-04-07 15:08:41.549544+00:00
41,Deployed,Overnight,BPT-USD+: Beethoven X,2023-03-17 15:16:32.000 UTC,2022-12-22 19:59:52.000 UTC,0.0,20418.579999999998,0.0,0.0,0.0,Beethoven X,2023-04-07 15:08:41.549544+00:00
42,Deployed,Rocket Pool,WETH/rETH: Beethoven X,2023-01-12 21:51:10.000 UTC,2022-12-22 19:59:52.000 UTC,0.0,2272.63,0.0,0.0,0.0,Beethoven X,2023-04-07 15:08:41.549544+00:00
43,Project,Overnight,Season 2,2023-03-03 13:38:51.000 UTC,2023-03-03 13:38:51.000 UTC,0.0,1300.0,0.0,1300.0,0.0,Beethoven X,2023-04-07 15:08:41.549544+00:00
44,Project,QiDao,Season 1,2023-01-12 21:51:10.000 UTC,2023-01-12 21:51:10.000 UTC,0.0,900.0,0.0,900.0,0.0,Beethoven X,2023-04-07 15:08:41.549544+00:00
45,OP Foundation,OP Foundation Wallet,OP Foundation Grants,2022-08-09 13:31:33.000 UTC,2022-08-09 13:31:33.000 UTC,0.0,0.0,0.0,0.0,500000.0,Beethoven X,2023-04-07 15:08:41.549544+00:00
46,Project,Overnight,Season 2,2023-04-06 15:20:56.000 UTC,2023-01-17 08:52:43.000 UTC,0.0,0.0,23500.000000000033,0.0,0.0,Beethoven X,2023-04-07 15:08:41.549544+00:00
47,Project,QiDao,Season 1,2022-12-21 22:26:14.000 UTC,2022-09-29 17:54:56.000 UTC,0.0,0.0,29092.0,0.0,0.0,Beethoven X,2023-04-07 15:08:41.549544+00:00
48,Other,Other,Other,2023-02-16 17:20:35.000 UTC,2023-02-16 17:20:35.000 UTC,99999.99999999999,99999.99999999999,0.0,0.0,0.0,Biconomy,2023-04-07 15:08:41.549544+00:00
49,OP Foundation,OP Foundation Wallet,OP Foundation Grants,2022-09-02 08:44:30.000 UTC,2022-09-02 08:44:30.000 UTC,0.0,0.0,0.0,0.0,750000.0,Biconomy,2023-04-07 15:08:41.549544+00:00
50,Other,Other,Other,2022-11-11 13:50:17.000 UTC,2022-11-01 16:14:31.000 UTC,92000.0,92000.0,0.0,0.0,0.0,Boardroom,2023-04-07 15:08:41.549544+00:00
51,OP Foundation,OP Foundation Wallet,OP Foundation Grants,2022-08-26 17:27:27.000 UTC,2022-08-26 17:27:27.000 UTC,0.0,0.0,0.0,0.0,99999.99999999999,Boardroom,2023-04-07 15:08:41.549544+00:00
52,Other,Other,Other,2023-03-16 19:00:30.000 UTC,2022-08-16 10:17:15.000 UTC,47048.600000000006,47048.600000000006,0.0,0.0,0.0,Candide Wallet,2023-04-07 15:08:41.549544+00:00
53,OP Foundation,OP Foundation Wallet,OP Foundation Grants,2022-08-09 12:31:03.000 UTC,2022-08-09 12:28:28.000 UTC,0.0,0.0,0.0,0.0,190000.0,Candide Wallet,2023-04-07 15:08:41.549544+00:00
54,Deployed,Celer,Liquidity Mining Distributor,2023-03-23 12:49:18.000 UTC,2022-08-11 13:37:11.000 UTC,0.0,190001.0,0.0,0.0,0.0,Celer,2023-04-07 15:08:41.549544+00:00
55,Deployed,Celer,Incentive Events Reward,2023-03-27 11:36:40.000 UTC,2022-11-15 02:36:57.000 UTC,0.0,20000.0,0.0,0.0,0.0,Celer,2023-04-07 15:08:41.549544+00:00
56,OP Foundation,OP Foundation Wallet,OP Foundation Grants,2022-08-04 06:56:59.000 UTC,2022-08-04 06:56:59.000 UTC,0.0,0.0,0.0,0.0,1000000.0,Celer,2023-04-07 15:08:41.549544+00:00
57,Other,Other,Other,2023-04-07 13:49:47.000 UTC,2022-08-13 02:54:01.000 UTC,176258.84263450236,0.0,0.0,0.0,0.0,Celer,2023-04-07 15:08:41.549544+00:00
58,OP Foundation,OP Foundation Wallet,OP Foundation Grants,2022-08-03 16:35:25.000 UTC,2022-08-03 16:35:25.000 UTC,0.0,0.0,0.0,0.0,1000000.0,Chainlink,2023-04-07 15:08:41.549544+00:00
59,Deployed,Clipper,Distributor,2023-01-21 10:24:24.000 UTC,2023-01-21 10:24:24.000 UTC,0.0,148585.0,0.0,0.0,0.0,Clipper,2023-04-07 15:08:41.549544+00:00
60,Other,Other,Other,2023-04-07 08:09:39.000 UTC,2022-07-07 22:12:38.000 UTC,155209.0,29349.0,0.0,0.0,0.0,Clipper,2023-04-07 15:08:41.549544+00:00
61,Other,xToken LP,Other,2023-01-25 14:11:08.000 UTC,2023-01-25 14:11:08.000 UTC,5.0,0.0,0.0,0.0,0.0,Clipper,2023-04-07 15:08:41.549544+00:00
62,OP Foundation,OP Foundation Wallet,OP Foundation Grants,2022-07-08 21:22:57.000 UTC,2022-07-08 21:22:57.000 UTC,0.0,0.0,0.0,0.0,300000.0,Clipper,2023-04-07 15:08:41.549544+00:00
63,OP Foundation,OP Foundation Wallet,OP Foundation Grants,2023-04-06 22:05:05.000 UTC,2023-04-06 22:05:05.000 UTC,0.0,0.0,0.0,0.0,4000.0,Crypto LDFM,2023-04-07 15:08:41.549544+00:00
64,Other,Other,Other,2022-12-19 09:43:27.000 UTC,2022-12-19 09:43:27.000 UTC,4987.0,4987.0,0.0,0.0,0.0,CryptoTesters,2023-04-07 15:08:41.549544+00:00
65,OP Foundation,OP Foundation Wallet,OP Foundation Grants,2022-12-15 22:36:40.000 UTC,2022-12-15 22:36:40.000 UTC,0.0,0.0,0.0,0.0,4652.0,CryptoTesters,2023-04-07 15:08:41.549544+00:00
66,Other,Other,Other,2023-01-31 16:08:07.000 UTC,2023-01-19 11:42:35.000 UTC,25973.84285171413,25973.84285171413,0.0,0.0,0.0,DefiEdge,2023-04-07 15:08:41.549544+00:00
67,Other,1inch Swap,Other,2023-02-24 07:30:27.000 UTC,2023-02-24 07:14:57.000 UTC,387.58787711973537,387.58787711973537,0.0,0.0,0.0,DefiEdge,2023-04-07 15:08:41.549544+00:00
68,OP Foundation,OP Airdrop 2 Distributor,OP Foundation Grants,2023-02-09 19:43:24.000 UTC,2023-02-09 19:43:24.000 UTC,0.0,0.0,0.0,0.0,4.1843535627035795,DefiEdge,2023-04-07 15:08:41.549544+00:00
69,Project,Uniswap,Phase 0,2023-01-18 14:26:24.000 UTC,2023-01-18 05:00:01.000 UTC,0.0,0.0,25000.0,0.0,0.0,DefiEdge,2023-04-07 15:08:41.549544+00:00
70,Other,Other,Other,2023-03-18 01:15:51.000 UTC,2023-01-01 18:22:59.000 UTC,74052.0,74052.0,0.0,0.0,0.0,DefiLlama,2023-04-07 15:08:41.549544+00:00
71,OP Foundation,OP Foundation Wallet,OP Foundation Grants,2022-12-26 20:23:15.000 UTC,2022-12-26 20:23:15.000 UTC,0.0,0.0,0.0,0.0,300000.0,DefiLlama,2023-04-07 15:08:41.549544+00:00
72,Project,Disperse,Season 2,2023-01-04 04:46:40.000 UTC,2023-01-04 04:42:09.000 UTC,0.0,0.0,19624.000000000007,0.0,0.0,DefiLlama,2023-04-07 15:08:41.549544+00:00
73,Other,Other,Other,2023-04-05 15:37:03.000 UTC,2022-06-01 03:13:37.000 UTC,3515036.476439067,218872.07354572864,0.0,0.0,0.0,Disperse,2023-04-07 15:08:41.549544+00:00
74,Project,DefiLlama,Season 2,2023-01-04 04:46:40.000 UTC,2023-01-04 04:42:09.000 UTC,0.0,19624.000000000007,0.0,19624.000000000007,0.0,Disperse,2023-04-07 15:08:41.549544+00:00
75,Other,xToken LP,Other,2022-12-19 20:31:53.000 UTC,2022-12-19 20:31:53.000 UTC,0.18,0.0,0.0,0.0,0.0,Disperse,2023-04-07 15:08:41.549544+00:00
76,Other,Other,Other,2023-03-27 08:32:47.000 UTC,2023-02-16 06:14:45.000 UTC,25835.8,25835.8,0.0,0.0,0.0,Dope Wars,2023-04-07 15:08:41.549544+00:00
77,OP Foundation,OP Foundation Wallet,OP Foundation Grants,2022-11-17 08:16:13.000 UTC,2022-11-17 08:16:13.000 UTC,0.0,0.0,0.0,0.0,300000.0,Dope Wars,2023-04-07 15:08:41.549544+00:00
78,Other,Other,Other,2023-04-03 13:54:47.000 UTC,2023-01-01 21:20:05.000 UTC,36300.0,36300.0,0.0,0.0,0.0,EthernautDAO,2023-04-07 15:08:41.549544+00:00
79,OP Foundation,OP Foundation Wallet,OP Foundation Grants,2022-11-29 14:03:58.000 UTC,2022-11-29 14:03:58.000 UTC,0.0,0.0,0.0,0.0,120000.0,EthernautDAO,2023-04-07 15:08:41.549544+00:00
80,Other,xToken LP ,Other,2022-12-07 12:23:13.000 UTC,2022-12-07 12:23:13.000 UTC,48036.998581835775,48036.998581835775,0.0,0.0,0.0,Gelato,2023-04-07 15:08:41.549544+00:00
81,Other,Other,Other,2023-01-17 13:51:57.000 UTC,2022-07-08 07:32:26.000 UTC,6926.088697260384,6926.088697260384,0.0,0.0,0.0,Gelato,2023-04-07 15:08:41.549544+00:00
82,OP Foundation,OP Foundation Wallet,OP Foundation Grants,2022-07-08 21:22:57.000 UTC,2022-07-08 21:22:57.000 UTC,0.0,0.0,0.0,0.0,300000.0,Gelato,2023-04-07 15:08:41.549544+00:00
83,Deployed,Hop Protocol,Distributor,2023-03-13 21:32:17.000 UTC,2022-10-05 03:38:02.000 UTC,0.0,162533.46035950782,0.0,0.0,0.0,Hop Protocol,2023-04-07 15:08:41.549544+00:00
84,Other,Other,Other,2023-04-07 14:05:49.000 UTC,2022-10-05 04:43:14.000 UTC,75592.19551041047,0.0,0.0,0.0,0.0,Hop Protocol,2023-04-07 15:08:41.549544+00:00
85,OP Foundation,OP Foundation Wallet,OP Foundation Grants,2022-10-03 02:22:28.000 UTC,2022-10-03 02:22:28.000 UTC,0.0,0.0,0.0,0.0,1000000.0,Hop Protocol,2023-04-07 15:08:41.549544+00:00
86,Deployed,Hundred Finance,pool,2023-01-18 13:44:33.000 UTC,2022-11-28 12:22:16.000 UTC,0.0,84687.5,0.0,0.0,0.0,Hundred Finance,2023-04-07 15:08:41.549544+00:00
87,Deployed,Hundred Finance,Token Treasury,2023-03-23 09:03:20.000 UTC,2023-01-11 13:14:49.000 UTC,0.0,72010.0,0.0,0.0,0.0,Hundred Finance,2023-04-07 15:08:41.549544+00:00
88,Other,Other,Other,2023-04-07 13:21:56.000 UTC,2022-11-28 12:22:16.000 UTC,132475.0484363525,10625.0,0.0,0.0,0.0,Hundred Finance,2023-04-07 15:08:41.549544+00:00
89,OP Foundation,OP Foundation Wallet,OP Foundation Grants,2022-08-26 08:28:32.000 UTC,2022-08-26 08:28:32.000 UTC,0.0,0.0,0.0,0.0,300000.0,Hundred Finance,2023-04-07 15:08:41.549544+00:00
90,Other,xToken LP,Other,2022-12-16 20:09:40.000 UTC,2022-11-30 00:50:01.000 UTC,236.66196500528167,0.0,0.0,0.0,0.0,Hundred Finance,2023-04-07 15:08:41.549544+00:00
91,Other,Other,Other,2022-12-09 22:19:41.000 UTC,2022-12-09 22:19:41.000 UTC,14630.0,14630.0,0.0,0.0,0.0,Interest Protocol,2023-04-07 15:08:41.549544+00:00
92,OP Foundation,OP Foundation Wallet,OP Foundation Grants,2023-03-17 15:34:19.000 UTC,2022-12-06 19:56:05.000 UTC,0.0,0.0,0.0,0.0,21630.0,Interest Protocol,2023-04-07 15:08:41.549544+00:00
93,Other,Other,Other,2023-02-13 02:23:59.000 UTC,2022-12-15 07:01:35.000 UTC,25555.926025839133,25555.926025839133,0.0,0.0,0.0,Karma,2023-04-07 15:08:41.549544+00:00
94,OP Foundation,OP Foundation Wallet,OP Foundation Grants,2022-12-15 06:59:05.000 UTC,2022-12-15 06:59:05.000 UTC,0.0,0.0,0.0,0.0,24999.999999999996,Karma,2023-04-07 15:08:41.549544+00:00
95,OP Foundation,OP Foundation Wallet,OP Foundation Grants,2022-11-06 17:07:30.000 UTC,2022-11-06 17:07:30.000 UTC,0.0,0.0,0.0,0.0,300000.0,Kromatika,2023-04-07 15:08:41.549544+00:00
96,Deployed,Kwenta,Distributor,2022-12-16 17:41:57.000 UTC,2022-08-15 19:31:21.000 UTC,0.0,256570.0,0.0,0.0,0.0,Kwenta,2023-04-07 15:08:41.549544+00:00
97,Other,Other,Other,2023-03-31 15:26:17.000 UTC,2022-07-11 22:11:36.000 UTC,253256.33681913026,1.0,0.0,0.0,0.0,Kwenta,2023-04-07 15:08:41.549544+00:00
98,Project,Polynomial Protocol,Phase 0,2022-08-15 07:49:57.000 UTC,2022-08-15 07:49:57.000 UTC,0.0,0.0,11570.0,0.0,0.0,Kwenta,2023-04-07 15:08:41.549544+00:00
99,OP Foundation,OP Foundation Wallet,OP Foundation Grants,2022-07-15 14:58:43.000 UTC,2022-07-15 14:58:43.000 UTC,0.0,0.0,0.0,0.0,900000.0,Kwenta,2023-04-07 15:08:41.549544+00:00
100,Other,Other,Other,2023-02-20 09:19:30.000 UTC,2022-11-20 07:09:11.000 UTC,32000.0,32000.0,0.0,0.0,0.0,KyberSwap,2023-04-07 15:08:41.549544+00:00
101,OP Foundation,OP Foundation Wallet,OP Foundation Grants,2023-04-06 16:32:00.000 UTC,2023-04-06 16:32:00.000 UTC,0.0,0.0,0.0,0.0,99999.99999999999,KyberSwap,2023-04-07 15:08:41.549544+00:00
102,Project,QiDao,Season 1,2022-11-18 19:07:13.000 UTC,2022-11-18 19:07:13.000 UTC,0.0,0.0,32000.0,0.0,0.0,KyberSwap,2023-04-07 15:08:41.549544+00:00
103,Other,1inch Swap,Other,2022-08-17 21:38:27.000 UTC,2022-08-17 21:24:55.000 UTC,281957.4327444706,281957.4327444706,0.0,0.0,0.0,Layer2dao,2023-04-07 15:08:41.549544+00:00
104,Other,Other,Other,2023-04-06 21:49:46.000 UTC,2022-06-01 04:16:52.000 UTC,295827.425238269,277208.76918028196,0.0,0.0,0.0,Layer2dao,2023-04-07 15:08:41.549544+00:00
105,Other,xToken LP ,Other,2022-10-23 00:11:50.000 UTC,2022-09-12 18:56:14.000 UTC,41920.357390288336,41920.357390288336,0.0,0.0,0.0,Layer2dao,2023-04-07 15:08:41.549544+00:00
106,Project,Thales,Season 3,2022-09-06 19:17:37.000 UTC,2022-09-06 19:17:37.000 UTC,0.0,27500.0,0.0,27500.0,0.0,Layer2dao,2023-04-07 15:08:41.549544+00:00
107,Project,Socket,Season 2,2022-11-30 16:44:26.000 UTC,2022-11-30 16:44:26.000 UTC,0.0,27500.0,0.0,27500.0,0.0,Layer2dao,2023-04-07 15:08:41.549544+00:00
108,Project,Velodrome,Season 2,2022-08-15 06:37:33.000 UTC,2022-07-19 04:10:24.000 UTC,0.0,24000.0,0.0,24000.0,0.0,Layer2dao,2023-04-07 15:08:41.549544+00:00
109,Deployed,Layer2dao,L2DAO/OP: Velodrome,2022-09-11 19:55:47.000 UTC,2022-08-22 20:52:41.000 UTC,0.0,14000.0,0.0,0.0,0.0,Layer2dao,2023-04-07 15:08:41.549544+00:00
110,OP Foundation,OP Foundation Wallet,OP Foundation Grants,2022-07-08 21:22:57.000 UTC,2022-07-08 21:22:57.000 UTC,0.0,0.0,0.0,0.0,300000.0,Layer2dao,2023-04-07 15:08:41.549544+00:00
111,OP Foundation,OP Airdrop 2 Distributor,OP Foundation Grants,2023-02-09 19:03:11.000 UTC,2023-02-09 19:03:11.000 UTC,0.0,0.0,0.0,0.0,673.8083512005484,Layer2dao,2023-04-07 15:08:41.549544+00:00
112,Project,Layer2dao,Phase 0,2022-09-15 05:19:06.000 UTC,2022-08-29 03:57:48.000 UTC,0.0,-870.5601645156783,0.0,0.0,0.0,Layer2dao,2023-04-07 15:08:41.549544+00:00
113,Other,Other,Other,2023-04-04 15:46:33.000 UTC,2022-12-29 20:02:39.000 UTC,41002.0,41002.0,0.0,0.0,0.0,LiFi,2023-04-07 15:08:41.549544+00:00
114,OP Foundation,OP Foundation Wallet,OP Foundation Grants,2022-11-30 20:32:11.000 UTC,2022-11-30 20:32:11.000 UTC,0.0,0.0,0.0,0.0,99999.99999999999,LiFi,2023-04-07 15:08:41.549544+00:00
115,Project,Polynomial Protocol,Phase 0,2022-08-15 07:49:57.000 UTC,2022-08-15 07:49:57.000 UTC,0.0,0.0,11570.0,0.0,0.0,LiFi,2023-04-07 15:08:41.549544+00:00
116,Deployed,Lyra,Distributor,2023-03-29 03:57:23.000 UTC,2022-08-17 00:59:25.000 UTC,0.0,1184161.38222176,0.0,0.0,0.0,Lyra,2023-04-07 15:08:41.549544+00:00
117,Other,Lyra Unknown,Other,2023-02-28 00:05:31.000 UTC,2023-01-11 03:26:05.000 UTC,168900.0,168900.0,0.0,0.0,0.0,Lyra,2023-04-07 15:08:41.549544+00:00
118,Other,Other,Other,2023-04-07 11:36:47.000 UTC,2022-07-10 04:47:32.000 UTC,1075652.9998615158,140009.09805054267,0.0,0.0,0.0,Lyra,2023-04-07 15:08:41.549544+00:00
119,Project,Polynomial Protocol,Phase 0,2022-11-06 14:02:37.000 UTC,2022-11-06 14:02:37.000 UTC,0.0,36000.0,0.0,36000.0,0.0,Lyra,2023-04-07 15:08:41.549544+00:00
120,Project,Synthetix,Multisig - Maybe Grants,2023-01-11 03:04:49.000 UTC,2023-01-11 03:04:49.000 UTC,0.0,0.0,149600.0,0.0,0.0,Lyra,2023-04-07 15:08:41.549544+00:00
121,Other,Aelin user,Other,2023-02-05 22:55:43.000 UTC,2022-08-29 21:03:23.000 UTC,1135.3621721261325,0.0,0.0,0.0,0.0,Lyra,2023-04-07 15:08:41.549544+00:00
122,Project,Polynomial Protocol,Phase 0,2022-08-15 07:49:57.000 UTC,2022-08-03 06:59:10.000 UTC,0.0,0.0,83570.0,0.0,0.0,Lyra,2023-04-07 15:08:41.549544+00:00
123,OP Foundation,OP Foundation Wallet,OP Foundation Grants,2022-07-20 02:42:01.000 UTC,2022-07-20 02:42:01.000 UTC,0.0,0.0,0.0,0.0,3000000.0,Lyra,2023-04-07 15:08:41.549544+00:00
124,Project,Synthetix,Phase 0,2023-02-24 09:02:42.000 UTC,2023-02-24 09:02:42.000 UTC,0.0,0.0,19300.0,0.0,0.0,Lyra,2023-04-07 15:08:41.549544+00:00
125,Other,Other,Other,2023-03-31 19:29:34.000 UTC,2022-07-25 17:50:09.000 UTC,19545.028534343535,19545.028534343535,0.0,0.0,0.0,Mean Finance,2023-04-07 15:08:41.549544+00:00
126,OP Foundation,OP Foundation Wallet,OP Foundation Grants,2022-10-19 17:18:22.000 UTC,2022-10-19 17:18:22.000 UTC,0.0,0.0,0.0,0.0,300000.0,Mean Finance,2023-04-07 15:08:41.549544+00:00
127,Other,Other,Other,2023-03-28 17:07:16.000 UTC,2023-03-21 14:30:59.000 UTC,6504.380281705,6504.380281705,0.0,0.0,0.0,Mochi,2023-04-07 15:08:41.549544+00:00
128,OP Foundation,OP Foundation Wallet,OP Foundation Grants,2023-01-02 15:47:47.000 UTC,2023-01-02 15:47:47.000 UTC,0.0,0.0,0.0,0.0,99999.99999999999,Mochi,2023-04-07 15:08:41.549544+00:00
129,OP Foundation,OP Foundation Wallet,OP Foundation Grants,2022-09-12 17:34:15.000 UTC,2022-09-12 17:34:15.000 UTC,0.0,0.0,0.0,0.0,181804.0,OKX,2023-04-07 15:08:41.549544+00:00
130,Other,Other,Other,2023-02-09 20:14:22.000 UTC,2023-02-09 18:58:03.000 UTC,11728875.77835101,11728875.77835101,0.0,0.0,0.0,OP Airdrop 2 Distributor,2023-04-07 15:08:41.549544+00:00
131,Other,Perp Foundation,Other,2023-02-09 20:13:51.000 UTC,2023-02-09 19:01:11.000 UTC,2829.5320904446703,2829.5320904446703,0.0,0.0,0.0,OP Airdrop 2 Distributor,2023-04-07 15:08:41.549544+00:00
132,Deployed,Velodrome,Distributor,2023-02-09 20:01:34.000 UTC,2023-02-09 19:54:11.000 UTC,0.0,1128.525150547441,0.0,0.0,0.0,OP Airdrop 2 Distributor,2023-04-07 15:08:41.549544+00:00
133,Deployed,Thales,Distributor,2023-02-09 20:11:48.000 UTC,2023-02-09 19:28:18.000 UTC,0.0,1055.5372272649327,0.0,0.0,0.0,OP Airdrop 2 Distributor,2023-04-07 15:08:41.549544+00:00
134,Other,xToken LP,Other,2023-02-09 19:49:03.000 UTC,2023-02-09 19:36:13.000 UTC,291.59756670154115,291.59756670154115,0.0,0.0,0.0,OP Airdrop 2 Distributor,2023-04-07 15:08:41.549544+00:00
135,Other,Aelin user,Other,2023-02-09 19:45:11.000 UTC,2023-02-09 19:45:11.000 UTC,75.74318733628495,75.74318733628495,0.0,0.0,0.0,OP Airdrop 2 Distributor,2023-04-07 15:08:41.549544+00:00
136,Other,Lyra Unknown,Other,2023-02-09 19:37:46.000 UTC,2023-02-09 19:37:46.000 UTC,39.079339810631986,39.079339810631986,0.0,0.0,0.0,OP Airdrop 2 Distributor,2023-04-07 15:08:41.549544+00:00
137,Deployed,WePiggy,Distributor,2023-02-09 19:34:57.000 UTC,2023-02-09 19:34:57.000 UTC,0.0,39.034214943369975,0.0,0.0,0.0,OP Airdrop 2 Distributor,2023-04-07 15:08:41.549544+00:00
138,Deployed,Kwenta,Distributor,2023-02-09 19:47:48.000 UTC,2023-02-09 19:47:48.000 UTC,0.0,16.15751295181371,0.0,0.0,0.0,OP Airdrop 2 Distributor,2023-04-07 15:08:41.549544+00:00
139,Project,Quix,Partner Fund,2023-02-09 19:41:35.000 UTC,2023-02-09 19:41:35.000 UTC,0.0,0.0,0.0,0.0,0.0,OP Airdrop 2 Distributor,2023-04-07 15:08:41.549544+00:00
140,Project,Beefy Finance,Intermediate,2023-02-09 19:32:57.000 UTC,2023-02-09 19:32:57.000 UTC,0.0,0.0,0.0,0.0,0.0,OP Airdrop 2 Distributor,2023-04-07 15:08:41.549544+00:00
141,Project,xToken,Season 1,2023-02-09 20:05:25.000 UTC,2023-02-09 20:05:25.000 UTC,0.0,0.0,0.0,0.0,0.0,OP Airdrop 2 Distributor,2023-04-07 15:08:41.549544+00:00
142,Project,dHedge,Intermediate,2023-02-09 20:08:28.000 UTC,2023-02-09 20:08:28.000 UTC,0.0,0.0,0.0,0.0,0.0,OP Airdrop 2 Distributor,2023-04-07 15:08:41.549544+00:00
143,Project,Overnight,Season 2,2023-02-09 19:30:53.000 UTC,2023-02-09 19:30:53.000 UTC,0.0,0.0,0.0,0.0,0.0,OP Airdrop 2 Distributor,2023-04-07 15:08:41.549544+00:00
144,Project,QiDao,Intermediate,2023-02-09 19:42:22.000 UTC,2023-02-09 19:42:22.000 UTC,0.0,0.0,0.0,0.0,0.0,OP Airdrop 2 Distributor,2023-04-07 15:08:41.549544+00:00
145,Project,WePiggy,Intermediate,2023-02-09 19:52:23.000 UTC,2023-02-09 19:52:23.000 UTC,0.0,0.0,0.0,0.0,0.0,OP Airdrop 2 Distributor,2023-04-07 15:08:41.549544+00:00
146,Project,Perpetual Protocol,Grants Wallet,2023-02-09 19:16:37.000 UTC,2023-02-09 19:16:37.000 UTC,0.0,0.0,0.0,0.0,0.0,OP Airdrop 2 Distributor,2023-04-07 15:08:41.549544+00:00
147,Project,Revert Finance,Season 2,2023-02-09 19:48:33.000 UTC,2023-02-09 19:48:33.000 UTC,0.0,0.0,0.0,0.0,0.0,OP Airdrop 2 Distributor,2023-04-07 15:08:41.549544+00:00
148,Project,dForce,Intermediate,2023-02-09 19:50:36.000 UTC,2023-02-09 19:50:36.000 UTC,0.0,0.0,0.0,0.0,0.0,OP Airdrop 2 Distributor,2023-04-07 15:08:41.549544+00:00
149,Project,Zipswap,Phase 0,2023-02-09 19:49:35.000 UTC,2023-02-09 19:49:35.000 UTC,0.0,0.0,0.0,0.0,0.0,OP Airdrop 2 Distributor,2023-04-07 15:08:41.549544+00:00
150,Project,OptiChads,Season 2,2023-02-09 20:11:48.000 UTC,2023-02-09 20:11:48.000 UTC,0.0,0.0,0.0,0.0,0.0,OP Airdrop 2 Distributor,2023-04-07 15:08:41.549544+00:00
151,Project,DefiEdge,Uniswap Grants,2023-02-09 19:43:24.000 UTC,2023-02-09 19:43:24.000 UTC,0.0,0.0,0.0,0.0,0.0,OP Airdrop 2 Distributor,2023-04-07 15:08:41.549544+00:00
152,Project,Quix,Distributor,2023-02-09 19:57:01.000 UTC,2023-02-09 19:57:01.000 UTC,0.0,0.0,0.0,0.0,0.0,OP Airdrop 2 Distributor,2023-04-07 15:08:41.549544+00:00
153,Project,Layer2dao,Contract Deplpoyer,2023-02-09 19:03:11.000 UTC,2023-02-09 19:03:11.000 UTC,0.0,0.0,0.0,0.0,0.0,OP Airdrop 2 Distributor,2023-04-07 15:08:41.549544+00:00
154,Project,Rotki,Season 3,2023-02-09 19:47:02.000 UTC,2023-02-09 19:47:02.000 UTC,0.0,0.0,0.0,0.0,0.0,OP Airdrop 2 Distributor,2023-04-07 15:08:41.549544+00:00
155,Project,Angle,Contract Deplopyer,2023-02-09 19:02:41.000 UTC,2023-02-09 19:02:41.000 UTC,0.0,0.0,0.0,0.0,0.0,OP Airdrop 2 Distributor,2023-04-07 15:08:41.549544+00:00
156,Project,Rubicon,Phase 0,2023-02-09 20:06:11.000 UTC,2023-02-09 20:06:11.000 UTC,0.0,0.0,0.0,0.0,0.0,OP Airdrop 2 Distributor,2023-04-07 15:08:41.549544+00:00
157,Other,Other,Other,2023-04-06 22:36:22.000 UTC,2022-06-01 06:35:37.000 UTC,24973939.658735953,24973939.658735953,0.0,0.0,0.0,OP Foundation Wallet,2023-04-07 15:08:41.549544+00:00
158,Project,Karma,Season 2,2022-12-15 06:59:05.000 UTC,2022-12-15 06:59:05.000 UTC,0.0,0.0,0.0,0.0,0.0,OP Foundation Wallet,2023-04-07 15:08:41.549544+00:00
159,Project,Kwenta,Phase 0,2022-07-15 14:58:43.000 UTC,2022-07-15 14:58:43.000 UTC,0.0,0.0,0.0,0.0,0.0,OP Foundation Wallet,2023-04-07 15:08:41.549544+00:00
160,Project,Beethoven X,Season 1,2022-08-09 13:31:33.000 UTC,2022-08-09 13:31:33.000 UTC,0.0,0.0,0.0,0.0,0.0,OP Foundation Wallet,2023-04-07 15:08:41.549544+00:00
161,Project,Rocket Pool,Season 1,2022-11-01 00:06:47.000 UTC,2022-11-01 00:06:47.000 UTC,0.0,0.0,0.0,0.0,0.0,OP Foundation Wallet,2023-04-07 15:08:41.549544+00:00
162,Project,Dope Wars,Season 2,2022-11-17 08:16:13.000 UTC,2022-11-17 08:16:13.000 UTC,0.0,0.0,0.0,0.0,0.0,OP Foundation Wallet,2023-04-07 15:08:41.549544+00:00
163,Project,Uniswap,Phase 0,2022-09-07 15:07:22.000 UTC,2022-09-07 15:07:22.000 UTC,0.0,0.0,0.0,0.0,0.0,OP Foundation Wallet,2023-04-07 15:08:41.549544+00:00
164,Project,KyberSwap,Season 3,2023-04-06 16:32:00.000 UTC,2023-04-06 16:32:00.000 UTC,0.0,0.0,0.0,0.0,0.0,OP Foundation Wallet,2023-04-07 15:08:41.549544+00:00
165,Project,Paraswap,Season 1,2023-03-08 16:47:28.000 UTC,2023-03-08 16:47:28.000 UTC,0.0,0.0,0.0,0.0,0.0,OP Foundation Wallet,2023-04-07 15:08:41.549544+00:00
166,Project,Revert Finance,Season 2,2022-10-19 20:18:31.000 UTC,2022-10-19 20:18:31.000 UTC,0.0,0.0,0.0,0.0,0.0,OP Foundation Wallet,2023-04-07 15:08:41.549544+00:00
167,Project,The Optimistic Series,Season 3,2023-03-30 19:59:17.000 UTC,2023-03-30 19:59:17.000 UTC,0.0,0.0,0.0,0.0,0.0,OP Foundation Wallet,2023-04-07 15:08:41.549544+00:00
168,Project,Velodrome,Season 2,2022-11-25 16:43:45.000 UTC,2022-11-25 16:43:45.000 UTC,0.0,0.0,0.0,0.0,0.0,OP Foundation Wallet,2023-04-07 15:08:41.549544+00:00
169,Project,DefiLlama,Season 2,2022-12-26 20:23:15.000 UTC,2022-12-26 20:23:15.000 UTC,0.0,0.0,0.0,0.0,0.0,OP Foundation Wallet,2023-04-07 15:08:41.549544+00:00
170,Project,Mochi,Season 2,2023-01-02 15:47:47.000 UTC,2023-01-02 15:47:47.000 UTC,0.0,0.0,0.0,0.0,0.0,OP Foundation Wallet,2023-04-07 15:08:41.549544+00:00
171,Project,Celer,Phase 0,2022-08-04 06:56:59.000 UTC,2022-08-04 06:56:59.000 UTC,0.0,0.0,0.0,0.0,0.0,OP Foundation Wallet,2023-04-07 15:08:41.549544+00:00
172,Project,Perpetual Protocol,Phase 0,2022-07-08 21:22:57.000 UTC,2022-07-08 21:22:57.000 UTC,0.0,0.0,0.0,0.0,0.0,OP Foundation Wallet,2023-04-07 15:08:41.549544+00:00
173,Project,Pickle Finance,Season 1,2022-08-15 05:33:41.000 UTC,2022-08-15 05:33:41.000 UTC,0.0,0.0,0.0,0.0,0.0,OP Foundation Wallet,2023-04-07 15:08:41.549544+00:00
174,Project,Pika Protocol,Phase 0,2022-08-26 04:22:04.000 UTC,2022-08-26 04:18:37.000 UTC,0.0,0.0,0.0,0.0,0.0,OP Foundation Wallet,2023-04-07 15:08:41.549544+00:00
175,Project,OptiChads,Season 2,2022-10-28 00:24:58.000 UTC,2022-10-28 00:24:58.000 UTC,0.0,0.0,0.0,0.0,0.0,OP Foundation Wallet,2023-04-07 15:08:41.549544+00:00
176,Project,Via Protocol,Season 3,2023-03-18 12:16:01.000 UTC,2023-03-18 12:16:01.000 UTC,0.0,0.0,0.0,0.0,0.0,OP Foundation Wallet,2023-04-07 15:08:41.549544+00:00
177,Project,Rainbow,Season 2,2023-02-18 02:12:43.000 UTC,2023-02-18 02:12:43.000 UTC,0.0,0.0,0.0,0.0,0.0,OP Foundation Wallet,2023-04-07 15:08:41.549544+00:00
178,Project,PoolTogether,Season 2,2022-11-28 17:16:24.000 UTC,2022-07-20 22:00:07.000 UTC,0.0,0.0,0.0,0.0,0.0,OP Foundation Wallet,2023-04-07 15:08:41.549544+00:00
179,Project,Hundred Finance,Season 1,2022-08-26 08:28:32.000 UTC,2022-08-26 08:28:32.000 UTC,0.0,0.0,0.0,0.0,0.0,OP Foundation Wallet,2023-04-07 15:08:41.549544+00:00
180,Project,dForce,Season 1,2022-09-30 07:12:01.000 UTC,2022-09-30 07:12:01.000 UTC,0.0,0.0,0.0,0.0,0.0,OP Foundation Wallet,2023-04-07 15:08:41.549544+00:00
181,Project,Alchemix,Season 2,2023-01-08 01:17:36.000 UTC,2023-01-08 01:17:36.000 UTC,0.0,0.0,0.0,0.0,0.0,OP Foundation Wallet,2023-04-07 15:08:41.549544+00:00
182,Project,Synapse,Phase 0,2023-03-24 16:59:27.000 UTC,2023-03-24 16:59:27.000 UTC,0.0,0.0,0.0,0.0,0.0,OP Foundation Wallet,2023-04-07 15:08:41.549544+00:00
183,Project,Hop Protocol,Phase 0,2022-10-03 02:22:28.000 UTC,2022-10-03 02:22:28.000 UTC,0.0,0.0,0.0,0.0,0.0,OP Foundation Wallet,2023-04-07 15:08:41.549544+00:00
184,Project,Otterspace,Season 2,2022-11-04 16:06:55.000 UTC,2022-11-04 16:06:55.000 UTC,0.0,0.0,0.0,0.0,0.0,OP Foundation Wallet,2023-04-07 15:08:41.549544+00:00
185,Project,OKX,Partner Fund,2022-09-12 17:34:15.000 UTC,2022-09-12 17:34:15.000 UTC,0.0,0.0,0.0,0.0,0.0,OP Foundation Wallet,2023-04-07 15:08:41.549544+00:00
186,Project,Layer2dao,Phase 0,2022-07-08 21:22:57.000 UTC,2022-07-08 21:22:57.000 UTC,0.0,0.0,0.0,0.0,0.0,OP Foundation Wallet,2023-04-07 15:08:41.549544+00:00
187,Project,Crypto LDFM,Season 3,2023-04-06 22:05:05.000 UTC,2023-04-06 22:05:05.000 UTC,0.0,0.0,0.0,0.0,0.0,OP Foundation Wallet,2023-04-07 15:08:41.549544+00:00
188,Project,Stargate Finance,Phase 0,2022-07-19 23:03:40.000 UTC,2022-07-19 23:03:40.000 UTC,0.0,0.0,0.0,0.0,0.0,OP Foundation Wallet,2023-04-07 15:08:41.549544+00:00
189,Project,Synthetix,Phase 0,2022-07-27 11:39:58.000 UTC,2022-07-27 11:39:58.000 UTC,0.0,0.0,0.0,0.0,0.0,OP Foundation Wallet,2023-04-07 15:08:41.549544+00:00
190,Project,CryptoTesters,Partner Fund,2022-12-15 22:36:40.000 UTC,2022-12-15 22:36:40.000 UTC,0.0,0.0,0.0,0.0,0.0,OP Foundation Wallet,2023-04-07 15:08:41.549544+00:00
191,Project,Quests on Coinbase Wallet,Partner Fund,2023-03-03 17:52:21.000 UTC,2023-02-10 22:09:48.000 UTC,0.0,0.0,0.0,0.0,0.0,OP Foundation Wallet,2023-04-07 15:08:41.549544+00:00
192,Project,Rotki,Season 3,2022-12-09 18:58:38.000 UTC,2022-08-09 08:51:51.000 UTC,0.0,0.0,0.0,0.0,0.0,OP Foundation Wallet,2023-04-07 15:08:41.549544+00:00
193,Project,Rubicon,Phase 0,2022-07-08 21:22:57.000 UTC,2022-07-08 21:22:57.000 UTC,0.0,0.0,0.0,0.0,0.0,OP Foundation Wallet,2023-04-07 15:08:41.549544+00:00
194,Project,xToken,Season 1,2022-09-19 14:32:24.000 UTC,2022-09-13 21:24:23.000 UTC,0.0,0.0,0.0,0.0,0.0,OP Foundation Wallet,2023-04-07 15:08:41.549544+00:00
195,Project,Gelato,Phase 0,2022-07-08 21:22:57.000 UTC,2022-07-08 21:22:57.000 UTC,0.0,0.0,0.0,0.0,0.0,OP Foundation Wallet,2023-04-07 15:08:41.549544+00:00
196,Project,SushiSwap,Season 2,2022-11-24 12:49:31.000 UTC,2022-11-24 12:49:31.000 UTC,0.0,0.0,0.0,0.0,0.0,OP Foundation Wallet,2023-04-07 15:08:41.549544+00:00
197,Project,Biconomy,Season 1,2022-09-02 08:44:30.000 UTC,2022-09-02 08:44:30.000 UTC,0.0,0.0,0.0,0.0,0.0,OP Foundation Wallet,2023-04-07 15:08:41.549544+00:00
198,Project,Zeroex (0x),Phase 0,2022-07-08 21:22:57.000 UTC,2022-07-08 21:22:57.000 UTC,0.0,0.0,0.0,0.0,0.0,OP Foundation Wallet,2023-04-07 15:08:41.549544+00:00
199,Project,LiFi,Season 2,2022-11-30 20:32:11.000 UTC,2022-11-30 20:32:11.000 UTC,0.0,0.0,0.0,0.0,0.0,OP Foundation Wallet,2023-04-07 15:08:41.549544+00:00
200,Project,Slingshot,Phase 0,2022-07-08 21:22:57.000 UTC,2022-07-08 21:22:57.000 UTC,0.0,0.0,0.0,0.0,0.0,OP Foundation Wallet,2023-04-07 15:08:41.549544+00:00
201,Project,Boardroom,Season 1,2022-08-26 17:27:27.000 UTC,2022-08-26 17:27:27.000 UTC,0.0,0.0,0.0,0.0,0.0,OP Foundation Wallet,2023-04-07 15:08:41.549544+00:00
202,Project,EthernautDAO,Season 2,2022-11-29 14:03:58.000 UTC,2022-11-29 14:03:58.000 UTC,0.0,0.0,0.0,0.0,0.0,OP Foundation Wallet,2023-04-07 15:08:41.549544+00:00
203,Project,Yearn,Season 2,2022-11-24 15:01:22.000 UTC,2022-11-24 15:01:22.000 UTC,0.0,0.0,0.0,0.0,0.0,OP Foundation Wallet,2023-04-07 15:08:41.549544+00:00
204,Project,Thales,Phase 0,2023-04-07 11:33:47.000 UTC,2023-04-07 11:33:47.000 UTC,0.0,0.0,0.0,0.0,0.0,OP Foundation Wallet,2023-04-07 15:08:41.549544+00:00
205,Project,Angle,Intermediate,2022-11-28 08:45:44.000 UTC,2022-11-28 08:45:44.000 UTC,0.0,0.0,0.0,0.0,0.0,OP Foundation Wallet,2023-04-07 15:08:41.549544+00:00
206,Project,Beefy Finance,Season 1,2022-09-12 21:18:28.000 UTC,2022-09-12 21:18:28.000 UTC,0.0,0.0,0.0,0.0,0.0,OP Foundation Wallet,2023-04-07 15:08:41.549544+00:00
207,Project,Kromatika,Season 2,2022-11-06 17:07:30.000 UTC,2022-11-06 17:07:30.000 UTC,0.0,0.0,0.0,0.0,0.0,OP Foundation Wallet,2023-04-07 15:08:41.549544+00:00
208,Project,Chainlink,Phase 0,2022-08-03 16:35:25.000 UTC,2022-08-03 16:35:25.000 UTC,0.0,0.0,0.0,0.0,0.0,OP Foundation Wallet,2023-04-07 15:08:41.549544+00:00
209,Project,Tarot,Season 2,2022-11-25 17:45:19.000 UTC,2022-11-25 17:45:19.000 UTC,0.0,0.0,0.0,0.0,0.0,OP Foundation Wallet,2023-04-07 15:08:41.549544+00:00
210,Project,Clipper,Phase 0,2022-07-08 21:22:57.000 UTC,2022-07-08 21:22:57.000 UTC,0.0,0.0,0.0,0.0,0.0,OP Foundation Wallet,2023-04-07 15:08:41.549544+00:00
211,Project,Polynomial Protocol,Phase 0,2022-07-19 05:23:53.000 UTC,2022-07-19 05:23:53.000 UTC,0.0,0.0,0.0,0.0,0.0,OP Foundation Wallet,2023-04-07 15:08:41.549544+00:00
212,Project,dHedge,Season 2,2022-10-21 01:42:51.000 UTC,2022-10-21 01:42:51.000 UTC,0.0,0.0,0.0,0.0,0.0,OP Foundation Wallet,2023-04-07 15:08:41.549544+00:00
213,Project,Quix,Partner Fund,2023-01-12 17:09:56.000 UTC,2022-10-19 16:37:09.000 UTC,0.0,0.0,0.0,0.0,0.0,OP Foundation Wallet,2023-04-07 15:08:41.549544+00:00
214,Project,Bankless Academy,Season 2,2022-10-20 10:16:39.000 UTC,2022-10-20 10:16:39.000 UTC,0.0,0.0,0.0,0.0,0.0,OP Foundation Wallet,2023-04-07 15:08:41.549544+00:00
215,Project,Aelin,Phase 0,2022-07-14 03:34:07.000 UTC,2022-07-14 03:34:07.000 UTC,0.0,0.0,0.0,0.0,0.0,OP Foundation Wallet,2023-04-07 15:08:41.549544+00:00
216,Project,Velodrome,Partner Fund,2022-07-14 14:28:43.000 UTC,2022-07-14 14:26:23.000 UTC,0.0,0.0,0.0,0.0,0.0,OP Foundation Wallet,2023-04-07 15:08:41.549544+00:00
217,Project,WardenSwap,Season 1,2022-11-26 18:31:40.000 UTC,2022-11-26 18:31:40.000 UTC,0.0,0.0,0.0,0.0,0.0,OP Foundation Wallet,2023-04-07 15:08:41.549544+00:00
218,Project,QiDao,Season 1,2022-08-27 07:22:14.000 UTC,2022-08-27 07:22:14.000 UTC,0.0,0.0,0.0,0.0,0.0,OP Foundation Wallet,2023-04-07 15:08:41.549544+00:00
219,Project,1inch,Phase 0,2022-08-15 07:58:07.000 UTC,2022-08-15 07:58:07.000 UTC,0.0,0.0,0.0,0.0,0.0,OP Foundation Wallet,2023-04-07 15:08:41.549544+00:00
220,Project,Interest Protocol,Season 2,2023-03-17 15:34:19.000 UTC,2022-12-06 19:56:05.000 UTC,0.0,0.0,0.0,0.0,0.0,OP Foundation Wallet,2023-04-07 15:08:41.549544+00:00
221,Project,Aave,Phase 0,2022-08-03 16:35:55.000 UTC,2022-08-03 16:35:55.000 UTC,0.0,0.0,0.0,0.0,0.0,OP Foundation Wallet,2023-04-07 15:08:41.549544+00:00
222,Project,Lyra,Phase 0,2022-07-20 02:42:01.000 UTC,2022-07-20 02:42:01.000 UTC,0.0,0.0,0.0,0.0,0.0,OP Foundation Wallet,2023-04-07 15:08:41.549544+00:00
223,Project,Premia,Season 3,2023-03-22 23:59:42.000 UTC,2023-03-22 23:59:42.000 UTC,0.0,0.0,0.0,0.0,0.0,OP Foundation Wallet,2023-04-07 15:08:41.549544+00:00
224,Project,Overnight,Season 2,2023-01-05 20:14:37.000 UTC,2023-01-05 20:14:37.000 UTC,0.0,0.0,0.0,0.0,0.0,OP Foundation Wallet,2023-04-07 15:08:41.549544+00:00
225,Project,WePiggy,Phase 0,2022-07-26 06:28:57.000 UTC,2022-07-26 06:28:57.000 UTC,0.0,0.0,0.0,0.0,0.0,OP Foundation Wallet,2023-04-07 15:08:41.549544+00:00
226,Project,Thales,Season 3,2022-11-04 16:02:09.000 UTC,2022-07-08 21:22:57.000 UTC,0.0,0.0,0.0,0.0,0.0,OP Foundation Wallet,2023-04-07 15:08:41.549544+00:00
227,Project,Candide Wallet,Season 1,2022-08-09 12:31:03.000 UTC,2022-08-09 12:28:28.000 UTC,0.0,0.0,0.0,0.0,0.0,OP Foundation Wallet,2023-04-07 15:08:41.549544+00:00
228,Project,Mean Finance,Season 1,2022-10-19 17:18:22.000 UTC,2022-10-19 17:18:22.000 UTC,0.0,0.0,0.0,0.0,0.0,OP Foundation Wallet,2023-04-07 15:08:41.549544+00:00
229,Other,Other,Other,2023-03-30 20:13:25.000 UTC,2022-08-29 05:26:26.000 UTC,52068.46861916357,52068.46861916357,0.0,0.0,0.0,OptiChads,2023-04-07 15:08:41.549544+00:00
230,Other,xToken LP ,Other,2022-09-13 18:44:49.000 UTC,2022-09-13 18:44:49.000 UTC,26.37645075,26.37645075,0.0,0.0,0.0,OptiChads,2023-04-07 15:08:41.549544+00:00
231,OP Foundation,OP Foundation Wallet,OP Foundation Grants,2022-10-28 00:24:58.000 UTC,2022-10-28 00:24:58.000 UTC,0.0,0.0,0.0,0.0,49999.99999999999,OptiChads,2023-04-07 15:08:41.549544+00:00
232,OP Foundation,OP Airdrop 2 Distributor,OP Foundation Grants,2023-02-09 20:11:48.000 UTC,2023-02-09 20:11:48.000 UTC,0.0,0.0,0.0,0.0,114.33911916357124,OptiChads,2023-04-07 15:08:41.549544+00:00
233,Other,Other,Other,2023-02-03 10:26:22.000 UTC,2022-11-17 14:27:47.000 UTC,5005.0,5005.0,0.0,0.0,0.0,Otterspace,2023-04-07 15:08:41.549544+00:00
234,Other,xToken LP ,Other,2022-11-17 14:29:32.000 UTC,2022-11-17 14:29:32.000 UTC,1995.0,1995.0,0.0,0.0,0.0,Otterspace,2023-04-07 15:08:41.549544+00:00
235,OP Foundation,OP Foundation Wallet,OP Foundation Grants,2022-11-04 16:06:55.000 UTC,2022-11-04 16:06:55.000 UTC,0.0,0.0,0.0,0.0,49999.99999999999,Otterspace,2023-04-07 15:08:41.549544+00:00
236,Other,Other,Other,2023-04-07 12:58:05.000 UTC,2022-09-29 00:01:34.000 UTC,539274.0693754284,376537.6824092356,0.0,0.0,0.0,Overnight,2023-04-07 15:08:41.549544+00:00
237,Deployed,Overnight,USD+/USDC: Velodrome,2023-04-03 15:57:12.000 UTC,2023-01-10 19:30:02.000 UTC,0.0,29700.0,0.0,0.0,0.0,Overnight,2023-04-07 15:08:41.549544+00:00
238,Project,Beethoven X,Season 1,2023-04-06 15:20:56.000 UTC,2023-01-17 08:52:43.000 UTC,0.0,23500.000000000033,0.0,23500.000000000033,0.0,Overnight,2023-04-07 15:08:41.549544+00:00
239,Deployed,Overnight,USD+/DOLA: Velodrome,2023-04-03 15:55:57.000 UTC,2023-01-30 13:51:51.000 UTC,0.0,16500.0,0.0,0.0,0.0,Overnight,2023-04-07 15:08:41.549544+00:00
240,Deployed,Overnight,BPT-USD+: Beethoven X,2023-01-10 03:55:32.000 UTC,2023-01-10 03:55:32.000 UTC,0.0,2450.0,0.0,0.0,0.0,Overnight,2023-04-07 15:08:41.549544+00:00
241,Other,1inch Swap,Other,2023-01-11 15:48:35.000 UTC,2023-01-11 15:48:35.000 UTC,825.0,825.0,0.0,0.0,0.0,Overnight,2023-04-07 15:08:41.549544+00:00
242,Project,Beethoven X,Season 1,2023-03-03 13:38:51.000 UTC,2023-03-03 13:38:51.000 UTC,0.0,0.0,1300.0,0.0,0.0,Overnight,2023-04-07 15:08:41.549544+00:00
243,OP Foundation,OP Foundation Wallet,OP Foundation Grants,2023-01-05 20:14:37.000 UTC,2023-01-05 20:14:37.000 UTC,0.0,0.0,0.0,0.0,399999.99999999994,Overnight,2023-04-07 15:08:41.549544+00:00
244,OP Foundation,OP Airdrop 2 Distributor,OP Foundation Grants,2023-02-09 19:30:53.000 UTC,2023-02-09 19:30:53.000 UTC,0.0,0.0,0.0,0.0,12.682409235632601,Overnight,2023-04-07 15:08:41.549544+00:00
245,OP Foundation,OP Foundation Wallet,OP Foundation Grants,2023-03-08 16:47:28.000 UTC,2023-03-08 16:47:28.000 UTC,0.0,0.0,0.0,0.0,450000.0,Paraswap,2023-04-07 15:08:41.549544+00:00
246,Deployed,Perpetual Protocol,Distributor,2023-04-03 09:03:12.000 UTC,2022-07-18 12:57:38.000 UTC,0.0,3420994.4056484597,0.0,0.0,0.0,Perpetual Protocol,2023-04-07 15:08:41.549544+00:00
247,Other,Perp Foundation,Other,2023-04-07 08:03:09.000 UTC,2022-07-18 06:53:35.000 UTC,1462670.6633409425,1315816.6,0.0,0.0,0.0,Perpetual Protocol,2023-04-07 15:08:41.549544+00:00
248,Other,Other,Other,2023-04-07 08:13:39.000 UTC,2022-05-31 22:14:37.000 UTC,3756708.233745644,585153.7677021426,0.0,0.0,0.0,Perpetual Protocol,2023-04-07 15:08:41.549544+00:00
249,Other,xToken LP ,Other,2022-07-18 15:43:43.000 UTC,2022-07-18 15:43:43.000 UTC,399999.99999999994,399999.99999999994,0.0,0.0,0.0,Perpetual Protocol,2023-04-07 15:08:41.549544+00:00
250,Other,Aelin user,Other,2022-07-18 06:53:05.000 UTC,2022-07-18 06:53:05.000 UTC,220.0,220.0,0.0,0.0,0.0,Perpetual Protocol,2023-04-07 15:08:41.549544+00:00
251,OP Foundation,OP Foundation Wallet,OP Foundation Grants,2022-07-08 21:22:57.000 UTC,2022-07-08 21:22:57.000 UTC,0.0,0.0,0.0,0.0,9000000.0,Perpetual Protocol,2023-04-07 15:08:41.549544+00:00
252,OP Foundation,OP Airdrop 2 Distributor,OP Foundation Grants,2023-02-09 19:16:37.000 UTC,2023-02-09 19:16:37.000 UTC,0.0,0.0,0.0,0.0,19.728287540488477,Perpetual Protocol,2023-04-07 15:08:41.549544+00:00
253,Deployed,Pickle Finance,Distributor,2023-03-31 04:22:18.000 UTC,2022-09-08 08:50:20.000 UTC,0.0,82600.0,0.0,0.0,0.0,Pickle Finance,2023-04-07 15:08:41.549544+00:00
254,Other,Other,Other,2023-04-07 08:39:24.000 UTC,2022-09-08 16:13:45.000 UTC,73133.46328654906,0.0,0.0,0.0,0.0,Pickle Finance,2023-04-07 15:08:41.549544+00:00
255,OP Foundation,OP Foundation Wallet,OP Foundation Grants,2022-08-15 05:33:41.000 UTC,2022-08-15 05:33:41.000 UTC,0.0,0.0,0.0,0.0,199999.99999999997,Pickle Finance,2023-04-07 15:08:41.549544+00:00
256,Other,xToken LP,Other,2022-10-21 16:06:21.000 UTC,2022-10-02 12:36:15.000 UTC,169.97061394762565,0.0,0.0,0.0,0.0,Pickle Finance,2023-04-07 15:08:41.549544+00:00
257,Deployed,Pika Protocol,Distributor,2023-04-07 08:04:24.000 UTC,2022-09-02 03:00:36.000 UTC,0.0,631407.0,0.0,0.0,0.0,Pika Protocol,2023-04-07 15:08:41.549544+00:00
258,Other,Other,Other,2023-04-07 14:16:35.000 UTC,2022-09-02 03:02:51.000 UTC,580777.0319688087,86232.0,0.0,0.0,0.0,Pika Protocol,2023-04-07 15:08:41.549544+00:00
259,Other,xToken LP,Other,2022-10-21 16:06:51.000 UTC,2022-09-10 13:51:32.000 UTC,290.88972333499515,0.0,0.0,0.0,0.0,Pika Protocol,2023-04-07 15:08:41.549544+00:00
260,OP Foundation,OP Foundation Wallet,OP Foundation Grants,2022-08-26 04:22:04.000 UTC,2022-08-26 04:18:37.000 UTC,0.0,0.0,0.0,0.0,900000.0,Pika Protocol,2023-04-07 15:08:41.549544+00:00
261,Deployed,Polynomial Protocol,Distributor,2022-11-24 12:23:16.000 UTC,2022-11-09 07:02:00.000 UTC,0.0,180000.0,0.0,0.0,0.0,Polynomial Protocol,2023-04-07 15:08:41.549544+00:00
262,Project,Lyra,Phase 0,2022-08-15 07:49:57.000 UTC,2022-08-03 06:59:10.000 UTC,0.0,83570.0,0.0,83570.0,0.0,Polynomial Protocol,2023-04-07 15:08:41.549544+00:00
263,Other,Other,Other,2023-04-05 21:47:21.000 UTC,2022-08-15 07:49:57.000 UTC,155543.20050751176,56997.99196000001,0.0,0.0,0.0,Polynomial Protocol,2023-04-07 15:08:41.549544+00:00
264,Project,Thales,Season 3,2022-08-15 07:49:57.000 UTC,2022-08-15 07:49:57.000 UTC,0.0,11570.0,0.0,11570.0,0.0,Polynomial Protocol,2023-04-07 15:08:41.549544+00:00
265,Project,LiFi,Intermediate,2022-08-15 07:49:57.000 UTC,2022-08-15 07:49:57.000 UTC,0.0,11570.0,0.0,11570.0,0.0,Polynomial Protocol,2023-04-07 15:08:41.549544+00:00
266,Project,Kwenta,Phase 0,2022-08-15 07:49:57.000 UTC,2022-08-15 07:49:57.000 UTC,0.0,11570.0,0.0,11570.0,0.0,Polynomial Protocol,2023-04-07 15:08:41.549544+00:00
267,Project,Lyra,Lyra Grants DAO,2022-11-06 14:02:37.000 UTC,2022-11-06 14:02:37.000 UTC,0.0,0.0,36000.0,0.0,0.0,Polynomial Protocol,2023-04-07 15:08:41.549544+00:00
268,OP Foundation,OP Foundation Wallet,OP Foundation Grants,2022-07-19 05:23:53.000 UTC,2022-07-19 05:23:53.000 UTC,0.0,0.0,0.0,0.0,900000.0,Polynomial Protocol,2023-04-07 15:08:41.549544+00:00
269,Deployed,PoolTogether,Distributor,2022-11-28 21:54:22.000 UTC,2022-07-26 17:58:42.000 UTC,0.0,810000.0,0.0,0.0,0.0,PoolTogether,2023-04-07 15:08:41.549544+00:00
270,Other,Other,Other,2023-04-07 14:06:04.000 UTC,2022-07-14 17:48:13.000 UTC,790266.7650788112,32488.0,0.0,0.0,0.0,PoolTogether,2023-04-07 15:08:41.549544+00:00
271,OP Foundation,OP Foundation Wallet,OP Foundation Grants,2022-11-28 17:16:24.000 UTC,2022-07-20 22:00:07.000 UTC,0.0,0.0,0.0,0.0,1000000.0,PoolTogether,2023-04-07 15:08:41.549544+00:00
272,OP Foundation,OP Foundation Wallet,OP Foundation Grants,2023-03-22 23:59:42.000 UTC,2023-03-22 23:59:42.000 UTC,0.0,0.0,0.0,0.0,234999.99999999997,Premia,2023-04-07 15:08:41.549544+00:00
273,Deployed,QiDao,sUSDC/MAI: Velodrome,2023-04-03 21:57:14.000 UTC,2022-08-28 21:00:30.000 UTC,0.0,209793.50489,0.0,0.0,0.0,QiDao,2023-04-07 15:08:41.549544+00:00
274,Other,Other,Other,2023-04-07 06:45:08.000 UTC,2022-07-28 02:56:56.000 UTC,391929.25433276745,84195.2184294122,0.0,0.0,0.0,QiDao,2023-04-07 15:08:41.549544+00:00
275,Project,KyberSwap,Season 3,2022-11-18 19:07:13.000 UTC,2022-11-18 19:07:13.000 UTC,0.0,32000.0,0.0,32000.0,0.0,QiDao,2023-04-07 15:08:41.549544+00:00
276,Project,Beethoven X,Season 1,2022-12-21 22:26:14.000 UTC,2022-09-29 17:54:56.000 UTC,0.0,29092.0,0.0,29092.0,0.0,QiDao,2023-04-07 15:08:41.549544+00:00
277,Deployed,QiDao,vUSDC/MAI: Velodrome,2022-09-03 20:32:39.000 UTC,2022-09-03 20:32:39.000 UTC,0.0,6000.0,0.0,0.0,0.0,QiDao,2023-04-07 15:08:41.549544+00:00
278,Project,Beethoven X,Season 1,2023-01-12 21:51:10.000 UTC,2023-01-12 21:51:10.000 UTC,0.0,0.0,900.0,0.0,0.0,QiDao,2023-04-07 15:08:41.549544+00:00
279,OP Foundation,OP Airdrop 2 Distributor,OP Foundation Grants,2023-02-09 19:42:22.000 UTC,2023-02-09 19:42:22.000 UTC,0.0,0.0,0.0,0.0,254.33526011560699,QiDao,2023-04-07 15:08:41.549544+00:00
280,OP Foundation,OP Foundation Wallet,OP Foundation Grants,2022-08-27 07:22:14.000 UTC,2022-08-27 07:22:14.000 UTC,0.0,0.0,0.0,0.0,750000.0,QiDao,2023-04-07 15:08:41.549544+00:00
281,Project,QiDao,Season 1,2022-09-21 05:36:08.000 UTC,2022-09-21 05:36:08.000 UTC,0.0,-263.0931658329569,0.0,0.0,0.0,QiDao,2023-04-07 15:08:41.549544+00:00
282,Other,Other,Other,2023-04-07 14:19:50.000 UTC,2023-02-13 17:47:24.000 UTC,91168.0,91168.0,0.0,0.0,0.0,Quests on Coinbase Wallet,2023-04-07 15:08:41.549544+00:00
283,OP Foundation,OP Foundation Wallet,OP Foundation Grants,2023-03-03 17:52:21.000 UTC,2023-02-10 22:09:48.000 UTC,0.0,0.0,0.0,0.0,854493.0,Quests on Coinbase Wallet,2023-04-07 15:08:41.549544+00:00
284,Other,Other,Other,2023-02-09 21:18:25.000 UTC,2022-06-01 19:55:04.000 UTC,93758.0873122396,93758.0873122396,0.0,0.0,0.0,Quix,2023-04-07 15:08:41.549544+00:00
285,Other,xToken LP ,Other,2022-10-25 18:46:32.000 UTC,2022-10-25 18:46:32.000 UTC,594.5092699305409,594.5092699305409,0.0,0.0,0.0,Quix,2023-04-07 15:08:41.549544+00:00
286,OP Foundation,OP Foundation Wallet,OP Foundation Grants,2023-01-12 17:09:56.000 UTC,2022-10-19 16:37:09.000 UTC,0.0,0.0,0.0,0.0,1010000.0,Quix,2023-04-07 15:08:41.549544+00:00
287,OP Foundation,OP Airdrop 2 Distributor,OP Foundation Grants,2023-02-09 19:57:01.000 UTC,2023-02-09 19:41:35.000 UTC,0.0,0.0,0.0,0.0,66.63395682523905,Quix,2023-04-07 15:08:41.549544+00:00
288,Other,Other,Other,2023-03-06 19:59:53.000 UTC,2023-02-20 18:09:15.000 UTC,114908.45974050317,114908.45974050317,0.0,0.0,0.0,Rainbow,2023-04-07 15:08:41.549544+00:00
289,OP Foundation,OP Foundation Wallet,OP Foundation Grants,2023-02-18 02:12:43.000 UTC,2023-02-18 02:12:43.000 UTC,0.0,0.0,0.0,0.0,420069.0,Rainbow,2023-04-07 15:08:41.549544+00:00
290,Deployed,Revert Finance,Distributor,2023-01-13 22:19:37.000 UTC,2022-11-30 17:32:05.000 UTC,0.0,180000.0,0.0,0.0,0.0,Revert Finance,2023-04-07 15:08:41.549544+00:00
291,Other,Other,Other,2023-04-05 13:10:28.000 UTC,2022-05-31 20:34:36.000 UTC,236541.75466780277,60833.07891830355,0.0,0.0,0.0,Revert Finance,2023-04-07 15:08:41.549544+00:00
292,Other,xToken LP ,Other,2023-02-10 20:36:46.000 UTC,2023-02-10 20:36:46.000 UTC,4.975,4.975,0.0,0.0,0.0,Revert Finance,2023-04-07 15:08:41.549544+00:00
293,OP Foundation,OP Foundation Wallet,OP Foundation Grants,2022-10-19 20:18:31.000 UTC,2022-10-19 20:18:31.000 UTC,0.0,0.0,0.0,0.0,240000.0,Revert Finance,2023-04-07 15:08:41.549544+00:00
294,OP Foundation,OP Airdrop 2 Distributor,OP Foundation Grants,2023-02-09 19:48:33.000 UTC,2023-02-09 19:48:33.000 UTC,0.0,0.0,0.0,0.0,7.683282436585971,Revert Finance,2023-04-07 15:08:41.549544+00:00
295,Other,xToken LP,Other,2023-02-10 06:40:34.000 UTC,2022-11-30 18:55:29.000 UTC,87.70881574267206,0.0,0.0,0.0,0.0,Revert Finance,2023-04-07 15:08:41.549544+00:00
296,Deployed,Rocket Pool,WETH/rETH: Beethoven X,2023-04-03 01:20:24.000 UTC,2022-11-09 23:24:21.000 UTC,0.0,225000.0,0.0,0.0,0.0,Rocket Pool,2023-04-07 15:08:41.549544+00:00
297,Deployed,Rocket Pool,vWETH/rETH: Velodrome,2023-04-03 01:19:22.000 UTC,2023-02-06 23:43:32.000 UTC,0.0,68570.0,0.0,0.0,0.0,Rocket Pool,2023-04-07 15:08:41.549544+00:00
298,Deployed,Rocket Pool,sWETH/rETH: Velodrome,2023-01-31 21:09:45.000 UTC,2022-11-30 04:24:24.000 UTC,0.0,21430.0,0.0,0.0,0.0,Rocket Pool,2023-04-07 15:08:41.549544+00:00
299,Project,Velodrome,Season 2,2022-11-18 04:58:58.000 UTC,2022-11-18 04:58:58.000 UTC,0.0,2143.0,0.0,2143.0,0.0,Rocket Pool,2023-04-07 15:08:41.549544+00:00
300,Other,Other,Other,2023-04-07 14:02:34.000 UTC,2022-11-10 00:09:47.000 UTC,335919.86412523076,2143.0,0.0,0.0,0.0,Rocket Pool,2023-04-07 15:08:41.549544+00:00
301,OP Foundation,OP Foundation Wallet,OP Foundation Grants,2022-11-01 00:06:47.000 UTC,2022-11-01 00:06:47.000 UTC,0.0,0.0,0.0,0.0,600000.0,Rocket Pool,2023-04-07 15:08:41.549544+00:00
302,Other,1inch Swap,Other,2022-12-09 22:52:43.000 UTC,2022-08-09 09:13:12.000 UTC,195880.22846,195880.22846,0.0,0.0,0.0,Rotki,2023-04-07 15:08:41.549544+00:00
303,Other,Other,Other,2023-02-28 09:37:01.000 UTC,2023-02-28 09:37:01.000 UTC,1464.8220000000001,1464.8220000000001,0.0,0.0,0.0,Rotki,2023-04-07 15:08:41.549544+00:00
304,OP Foundation,OP Airdrop 2 Distributor,OP Foundation Grants,2023-02-09 19:47:02.000 UTC,2023-02-09 19:47:02.000 UTC,0.0,0.0,0.0,0.0,4.036252419409362,Rotki,2023-04-07 15:08:41.549544+00:00
305,OP Foundation,OP Foundation Wallet,OP Foundation Grants,2022-12-09 18:58:38.000 UTC,2022-08-09 08:51:51.000 UTC,0.0,0.0,0.0,0.0,210574.0,Rotki,2023-04-07 15:08:41.549544+00:00
306,Deployed,Rubicon,Distributor,2022-08-21 21:38:43.000 UTC,2022-07-15 17:20:59.000 UTC,0.0,351000.0,0.0,0.0,0.0,Rubicon,2023-04-07 15:08:41.549544+00:00
307,Deployed,Rubicon,Distributor LM,2022-07-15 18:08:29.000 UTC,2022-07-15 17:49:03.000 UTC,0.0,324000.00000000006,0.0,0.0,0.0,Rubicon,2023-04-07 15:08:41.549544+00:00
308,Other,Other,Other,2023-04-07 14:12:05.000 UTC,2022-06-28 17:22:03.000 UTC,668377.6352731028,172696.0859512483,0.0,0.0,0.0,Rubicon,2023-04-07 15:08:41.549544+00:00
309,Other,Rubicon LP,Other,2023-04-07 09:41:11.000 UTC,2022-06-08 17:12:12.000 UTC,182175.00426452953,91690.26770214278,0.0,0.0,0.0,Rubicon,2023-04-07 15:08:41.549544+00:00
310,Other,Aelin user,Other,2022-09-05 03:46:34.000 UTC,2022-09-05 03:46:34.000 UTC,311.00952248564266,0.0,0.0,0.0,0.0,Rubicon,2023-04-07 15:08:41.549544+00:00
311,OP Foundation,OP Foundation Wallet,OP Foundation Grants,2022-07-08 21:22:57.000 UTC,2022-07-08 21:22:57.000 UTC,0.0,0.0,0.0,0.0,900000.0,Rubicon,2023-04-07 15:08:41.549544+00:00
312,OP Foundation,OP Airdrop 2 Distributor,OP Foundation Grants,2023-02-09 20:06:11.000 UTC,2023-02-09 20:06:11.000 UTC,0.0,0.0,0.0,0.0,254.33526011560699,Rubicon,2023-04-07 15:08:41.549544+00:00
313,Other,xToken LP,Other,2022-11-12 01:08:11.000 UTC,2022-11-12 01:08:11.000 UTC,0.3750529935060633,0.0,0.0,0.0,0.0,Rubicon,2023-04-07 15:08:41.549544+00:00
314,Project,Rubicon,Phase 0,2023-02-09 22:05:27.000 UTC,2022-07-15 18:19:57.000 UTC,0.0,-15220.808571278774,0.0,0.0,0.0,Rubicon,2023-04-07 15:08:41.549544+00:00
315,Deployed,Slingshot,Distributor,2022-09-30 23:32:34.000 UTC,2022-08-26 17:25:50.000 UTC,0.0,124813.0,0.0,0.0,0.0,Slingshot,2023-04-07 15:08:41.549544+00:00
316,Other,Other,Other,2023-04-05 09:12:51.000 UTC,2022-07-08 16:53:40.000 UTC,123507.0,9523.0,0.0,0.0,0.0,Slingshot,2023-04-07 15:08:41.549544+00:00
317,OP Foundation,OP Foundation Wallet,OP Foundation Grants,2022-07-08 21:22:57.000 UTC,2022-07-08 21:22:57.000 UTC,0.0,0.0,0.0,0.0,300000.0,Slingshot,2023-04-07 15:08:41.549544+00:00
318,Project,Layer2dao,Phase 0,2022-11-30 16:44:26.000 UTC,2022-11-30 16:44:26.000 UTC,0.0,0.0,27500.0,0.0,0.0,Socket,2023-04-07 15:08:41.549544+00:00
319,Other,Other,Other,2022-10-13 16:23:09.000 UTC,2022-10-06 15:44:38.000 UTC,1456.4504320543476,1456.4504320543476,0.0,0.0,0.0,Sonne Finance,2023-04-07 15:08:41.549544+00:00
320,Deployed,Stargate Finance,LP Staking Time,2023-01-05 00:10:59.000 UTC,2022-08-04 19:06:01.000 UTC,0.0,469724.73,0.0,0.0,0.0,Stargate Finance,2023-04-07 15:08:41.549544+00:00
321,Project,Beefy Finance,Season 1,2023-03-15 17:32:54.000 UTC,2023-03-15 17:32:54.000 UTC,0.0,75000.0,0.0,75000.0,0.0,Stargate Finance,2023-04-07 15:08:41.549544+00:00
322,Other,Other,Other,2023-04-07 14:15:20.000 UTC,2022-07-13 23:21:32.000 UTC,346402.30221554486,1.0,0.0,0.0,0.0,Stargate Finance,2023-04-07 15:08:41.549544+00:00
323,OP Foundation,OP Foundation Wallet,OP Foundation Grants,2022-07-19 23:03:40.000 UTC,2022-07-19 23:03:40.000 UTC,0.0,0.0,0.0,0.0,1000000.0,Stargate Finance,2023-04-07 15:08:41.549544+00:00
324,Other,Other,Other,2023-02-28 20:47:12.000 UTC,2023-02-28 20:47:12.000 UTC,49999.99999999999,49999.99999999999,0.0,0.0,0.0,SushiSwap,2023-04-07 15:08:41.549544+00:00
325,OP Foundation,OP Foundation Wallet,OP Foundation Grants,2022-11-24 12:49:31.000 UTC,2022-11-24 12:49:31.000 UTC,0.0,0.0,0.0,0.0,504000.0,SushiSwap,2023-04-07 15:08:41.549544+00:00
326,Other,Other,Other,2023-03-26 20:15:31.000 UTC,2023-03-25 19:54:25.000 UTC,850000.0,850000.0,0.0,0.0,0.0,Synapse,2023-04-07 15:08:41.549544+00:00
327,OP Foundation,OP Foundation Wallet,OP Foundation Grants,2023-03-24 16:59:27.000 UTC,2023-03-24 16:59:27.000 UTC,0.0,0.0,0.0,0.0,1000000.0,Synapse,2023-04-07 15:08:41.549544+00:00
328,Deployed,Synthetix,SNXAmbassadors delegation,2022-10-17 22:18:24.000 UTC,2022-10-17 22:18:24.000 UTC,0.0,2000000.0,0.0,0.0,0.0,Synthetix,2023-04-07 15:08:41.549544+00:00
329,Other,Other,Other,2023-04-07 13:41:28.000 UTC,2022-08-23 15:51:39.000 UTC,3393558.637223704,855818.89,0.0,0.0,0.0,Synthetix,2023-04-07 15:08:41.549544+00:00
330,Deployed,Synthetix,sUSD-3Crv: Curve,2023-03-17 20:16:56.000 UTC,2022-08-25 12:27:40.000 UTC,0.0,590000.0,0.0,0.0,0.0,Synthetix,2023-04-07 15:08:41.549544+00:00
331,Deployed,Synthetix,sETH-ETH: Curve,2023-03-17 20:16:56.000 UTC,2022-08-25 12:29:25.000 UTC,0.0,590000.0,0.0,0.0,0.0,Synthetix,2023-04-07 15:08:41.549544+00:00
332,Deployed,Synthetix,USDC/sUSD: Velodrome,2023-04-07 10:51:08.000 UTC,2022-09-27 16:00:49.000 UTC,0.0,290000.0,0.0,0.0,0.0,Synthetix,2023-04-07 15:08:41.549544+00:00
333,Deployed,Synthetix,ETH/sETH: Velodrome,2023-03-17 20:16:56.000 UTC,2022-09-27 16:00:49.000 UTC,0.0,260000.0,0.0,0.0,0.0,Synthetix,2023-04-07 15:08:41.549544+00:00
334,Deployed,Synthetix,USDC/SNX: Velodrome,2023-03-17 20:16:56.000 UTC,2022-09-27 16:00:49.000 UTC,0.0,260000.0,0.0,0.0,0.0,Synthetix,2023-04-07 15:08:41.549544+00:00
335,Deployed,Synthetix,Multisig - Distributor,2023-01-09 19:50:41.000 UTC,2022-07-29 16:06:35.000 UTC,0.0,193570.0,0.0,0.0,0.0,Synthetix,2023-04-07 15:08:41.549544+00:00
336,Project,Lyra,Intermediate,2023-02-24 09:02:42.000 UTC,2023-01-11 03:04:49.000 UTC,0.0,168900.0,0.0,168900.0,0.0,Synthetix,2023-04-07 15:08:41.549544+00:00
337,Deployed,Synthetix,SNX Bridge: Hop,2023-03-14 17:30:06.000 UTC,2022-10-25 23:35:36.000 UTC,0.0,68000.0,0.0,0.0,0.0,Synthetix,2023-04-07 15:08:41.549544+00:00
338,OP Foundation,OP Foundation Wallet,OP Foundation Grants,2022-07-27 11:39:58.000 UTC,2022-07-27 11:39:58.000 UTC,0.0,0.0,0.0,0.0,9000000.0,Synthetix,2023-04-07 15:08:41.549544+00:00
339,Project,Synthetix,Phase 0,2022-12-01 13:11:36.000 UTC,2022-12-01 13:11:36.000 UTC,0.0,-28431.893067761906,0.0,0.0,0.0,Synthetix,2023-04-07 15:08:41.549544+00:00
340,OP Foundation,OP Foundation Wallet,OP Foundation Grants,2022-11-25 17:45:19.000 UTC,2022-11-25 17:45:19.000 UTC,0.0,0.0,0.0,0.0,540000.0,Tarot,2023-04-07 15:08:41.549544+00:00
341,Deployed,Thales,Distributor,2023-04-07 10:29:49.000 UTC,2022-07-15 15:59:30.000 UTC,0.0,1087319.8900000001,0.0,0.0,0.0,Thales,2023-04-07 15:08:41.549544+00:00
342,Other,Other,Other,2023-04-07 14:10:05.000 UTC,2022-07-08 00:08:25.000 UTC,523549.7222501097,80291.4,0.0,0.0,0.0,Thales,2023-04-07 15:08:41.549544+00:00
343,Project,Velodrome,Season 2,2022-08-05 09:46:36.000 UTC,2022-08-05 09:46:36.000 UTC,0.0,1302.0,0.0,1302.0,0.0,Thales,2023-04-07 15:08:41.549544+00:00
344,OP Foundation,OP Foundation Wallet,OP Foundation Grants,2023-04-07 11:33:47.000 UTC,2022-07-08 21:22:57.000 UTC,0.0,0.0,0.0,0.0,1300000.0,Thales,2023-04-07 15:08:41.549544+00:00
345,Other,1inch Swap,Other,2022-09-10 20:22:38.000 UTC,2022-09-10 20:22:38.000 UTC,16.867362080440977,0.0,0.0,0.0,0.0,Thales,2023-04-07 15:08:41.549544+00:00
346,Project,Layer2dao,Phase 0,2022-09-06 19:17:37.000 UTC,2022-09-06 19:17:37.000 UTC,0.0,0.0,27500.0,0.0,0.0,Thales,2023-04-07 15:08:41.549544+00:00
347,Other,xToken LP ,Other,2023-03-01 19:51:57.000 UTC,2023-03-01 19:51:57.000 UTC,4.46,0.0,0.0,0.0,0.0,Thales,2023-04-07 15:08:41.549544+00:00
348,Project,Polynomial Protocol,Phase 0,2022-08-15 07:49:57.000 UTC,2022-08-15 07:49:57.000 UTC,0.0,0.0,11570.0,0.0,0.0,Thales,2023-04-07 15:08:41.549544+00:00
349,Project,Thales,Season 3,2023-03-03 19:29:59.000 UTC,2022-06-02 10:34:35.000 UTC,0.0,-26587.258092149936,0.0,0.0,0.0,Thales,2023-04-07 15:08:41.549544+00:00
350,OP Foundation,OP Foundation Wallet,OP Foundation Grants,2023-03-30 19:59:17.000 UTC,2023-03-30 19:59:17.000 UTC,0.0,0.0,0.0,0.0,12000.0,The Optimistic Series,2023-04-07 15:08:41.549544+00:00
351,Project,xToken,Season 1,2023-01-17 22:03:10.000 UTC,2022-10-25 21:44:23.000 UTC,0.0,41666.659999999996,0.0,41666.659999999996,0.0,Uniswap,2023-04-07 15:08:41.549544+00:00
352,Project,xToken,Intermediate,2023-01-17 22:01:54.000 UTC,2022-10-25 21:30:41.000 UTC,0.0,41666.659999999996,0.0,41666.659999999996,0.0,Uniswap,2023-04-07 15:08:41.549544+00:00
353,Project,Arrakis Finance,Uniswap Grants,2023-01-17 22:03:40.000 UTC,2022-10-26 13:08:02.000 UTC,0.0,41666.659999999996,0.0,41666.659999999996,0.0,Uniswap,2023-04-07 15:08:41.549544+00:00
354,Project,DefiEdge,Uniswap Grants,2023-01-18 14:26:24.000 UTC,2023-01-18 05:00:01.000 UTC,0.0,25000.0,0.0,25000.0,0.0,Uniswap,2023-04-07 15:08:41.549544+00:00
355,OP Foundation,OP Foundation Wallet,OP Foundation Grants,2022-09-07 15:07:22.000 UTC,2022-09-07 15:07:22.000 UTC,0.0,0.0,0.0,0.0,1000000.0,Uniswap,2023-04-07 15:08:41.549544+00:00
356,Deployed,Velodrome,Distributor,2023-04-06 16:47:15.000 UTC,2022-07-21 17:07:40.000 UTC,0.0,2869492.0,0.0,0.0,0.0,Velodrome,2023-04-07 15:08:41.549544+00:00
357,Other,Other,Other,2023-04-05 19:23:20.000 UTC,2022-07-11 17:23:08.000 UTC,2056374.0275250727,2031494.326202,0.0,0.0,0.0,Velodrome,2023-04-07 15:08:41.549544+00:00
358,Deployed,Synthetix,USDC/sUSD: Velodrome,2023-04-04 20:36:24.000 UTC,2022-09-27 16:14:22.000 UTC,0.0,173188.0,0.0,0.0,0.0,Velodrome,2023-04-07 15:08:41.549544+00:00
359,Deployed,Synthetix,ETH/sETH: Velodrome,2023-04-04 22:32:40.000 UTC,2022-09-27 16:14:22.000 UTC,0.0,166335.0,0.0,0.0,0.0,Velodrome,2023-04-07 15:08:41.549544+00:00
360,Deployed,Synthetix,USDC/SNX: Velodrome,2023-04-04 22:21:24.000 UTC,2022-09-27 16:14:22.000 UTC,0.0,135401.0,0.0,0.0,0.0,Velodrome,2023-04-07 15:08:41.549544+00:00
361,Deployed,QiDao,sUSDC/MAI: Velodrome,2023-04-04 20:40:54.000 UTC,2022-08-23 15:16:46.000 UTC,0.0,115707.0,0.0,0.0,0.0,Velodrome,2023-04-07 15:08:41.549544+00:00
362,Deployed,Overnight,USD+/USDC: Velodrome,2023-04-04 22:20:09.000 UTC,2022-09-26 18:33:11.000 UTC,0.0,45398.0,0.0,0.0,0.0,Velodrome,2023-04-07 15:08:41.549544+00:00
363,Deployed,Overnight,USD+/DOLA: Velodrome,2023-04-04 21:55:07.000 UTC,2023-01-31 22:26:33.000 UTC,0.0,27332.0,0.0,0.0,0.0,Velodrome,2023-04-07 15:08:41.549544+00:00
364,Deployed,Beefy Finance,BIFI/WETH: Velodrome,2023-04-04 22:18:24.000 UTC,2022-10-05 15:45:10.000 UTC,0.0,26394.0,0.0,0.0,0.0,Velodrome,2023-04-07 15:08:41.549544+00:00
365,Deployed,Beefy Finance,BIFI/OP: Velodrome,2023-04-04 22:29:40.000 UTC,2022-09-13 18:09:59.000 UTC,0.0,20757.0,0.0,0.0,0.0,Velodrome,2023-04-07 15:08:41.549544+00:00
366,Deployed,Rocket Pool,vWETH/rETH: Velodrome,2023-04-04 20:37:09.000 UTC,2023-02-15 16:00:28.000 UTC,0.0,15495.0,0.0,0.0,0.0,Velodrome,2023-04-07 15:08:41.549544+00:00
367,Deployed,dHedge,DHT/OP: Velodrome,2023-04-04 20:38:54.000 UTC,2023-02-07 18:34:25.000 UTC,0.0,12753.0,0.0,0.0,0.0,Velodrome,2023-04-07 15:08:41.549544+00:00
368,Deployed,Rocket Pool,sWETH/rETH: Velodrome,2023-02-01 15:29:37.000 UTC,2022-11-16 23:38:34.000 UTC,0.0,10904.0,0.0,0.0,0.0,Velodrome,2023-04-07 15:08:41.549544+00:00
369,Deployed,Overnight,USD+/LUSD: Velodrome,2023-04-05 15:42:18.000 UTC,2022-09-27 18:48:33.000 UTC,0.0,9092.0,0.0,0.0,0.0,Velodrome,2023-04-07 15:08:41.549544+00:00
370,Deployed,Layer2dao,L2DAO/OP: Velodrome,2022-09-07 17:20:56.000 UTC,2022-08-22 22:04:02.000 UTC,0.0,6800.0,0.0,0.0,0.0,Velodrome,2023-04-07 15:08:41.549544+00:00
371,Deployed,Alchemix,alETH/WETH: Velodrome,2023-04-04 22:19:39.000 UTC,2023-01-10 18:19:41.000 UTC,0.0,5905.0,0.0,0.0,0.0,Velodrome,2023-04-07 15:08:41.549544+00:00
372,Deployed,Angle,OP/agEUR: Velodrome,2023-03-08 17:12:11.000 UTC,2023-02-22 15:33:12.000 UTC,0.0,1014.0,0.0,0.0,0.0,Velodrome,2023-04-07 15:08:41.549544+00:00
373,Other,1inch Swap,Other,2022-10-10 16:33:11.000 UTC,2022-09-07 20:56:26.000 UTC,30440.493800549997,0.0,0.0,0.0,0.0,Velodrome,2023-04-07 15:08:41.549544+00:00
374,OP Foundation,OP Foundation Wallet,OP Foundation Grants,2022-11-25 16:43:45.000 UTC,2022-07-14 14:26:23.000 UTC,0.0,0.0,0.0,0.0,6999999.0,Velodrome,2023-04-07 15:08:41.549544+00:00
375,Project,Thales,Season 3,2022-08-05 09:46:36.000 UTC,2022-08-05 09:46:36.000 UTC,0.0,0.0,1302.0,0.0,0.0,Velodrome,2023-04-07 15:08:41.549544+00:00
376,Project,Aelin,Phase 0,2022-08-17 03:55:38.000 UTC,2022-07-19 11:52:43.000 UTC,0.0,0.0,19827.0,0.0,0.0,Velodrome,2023-04-07 15:08:41.549544+00:00
377,Project,Layer2dao,Phase 0,2022-08-15 06:37:33.000 UTC,2022-07-19 04:10:24.000 UTC,0.0,0.0,24000.0,0.0,0.0,Velodrome,2023-04-07 15:08:41.549544+00:00
378,Project,Rocket Pool,Season 1,2022-11-18 04:58:58.000 UTC,2022-11-18 04:58:58.000 UTC,0.0,0.0,2143.0,0.0,0.0,Velodrome,2023-04-07 15:08:41.549544+00:00
379,Other,xToken LP ,Other,2022-10-28 17:53:45.000 UTC,2022-09-15 20:30:53.000 UTC,1569.7650130694146,0.0,0.0,0.0,0.0,Velodrome,2023-04-07 15:08:41.549544+00:00
380,Other,Other,Other,2023-03-18 12:20:02.000 UTC,2023-03-18 12:20:02.000 UTC,250000.0,250000.0,0.0,0.0,0.0,Via Protocol,2023-04-07 15:08:41.549544+00:00
381,OP Foundation,OP Foundation Wallet,OP Foundation Grants,2023-03-18 12:16:01.000 UTC,2023-03-18 12:16:01.000 UTC,0.0,0.0,0.0,0.0,250000.0,Via Protocol,2023-04-07 15:08:41.549544+00:00
382,Other,Other,Other,2023-02-17 13:29:37.000 UTC,2023-02-17 13:12:42.000 UTC,10000.0,10000.0,0.0,0.0,0.0,WardenSwap,2023-04-07 15:08:41.549544+00:00
383,OP Foundation,OP Foundation Wallet,OP Foundation Grants,2022-11-26 18:31:40.000 UTC,2022-11-26 18:31:40.000 UTC,0.0,0.0,0.0,0.0,300000.0,WardenSwap,2023-04-07 15:08:41.549544+00:00
384,Deployed,WePiggy,LockDrop,2022-08-03 02:44:13.000 UTC,2022-08-03 02:44:13.000 UTC,0.0,212459.01639344302,0.0,0.0,0.0,WePiggy,2023-04-07 15:08:41.549544+00:00
385,Deployed,WePiggy,Distributor,2023-02-07 07:00:13.000 UTC,2022-08-01 07:28:55.000 UTC,0.0,206857.26777642147,0.0,0.0,0.0,WePiggy,2023-04-07 15:08:41.549544+00:00
386,Other,Other,Other,2023-04-02 15:29:35.000 UTC,2022-08-01 07:31:57.000 UTC,299651.9589763597,1720.119468605652,0.0,0.0,0.0,WePiggy,2023-04-07 15:08:41.549544+00:00
387,OP Foundation,OP Foundation Wallet,OP Foundation Grants,2022-07-26 06:28:57.000 UTC,2022-07-26 06:28:57.000 UTC,0.0,0.0,0.0,0.0,300000.0,WePiggy,2023-04-07 15:08:41.549544+00:00
388,OP Foundation,OP Airdrop 2 Distributor,OP Foundation Grants,2023-02-09 19:52:23.000 UTC,2023-02-09 19:52:23.000 UTC,0.0,0.0,0.0,0.0,8.466957836209538,WePiggy,2023-04-07 15:08:41.549544+00:00
389,Project,WePiggy,Intermediate,2022-11-17 07:07:23.000 UTC,2022-08-03 02:19:39.000 UTC,0.0,-121035.11328926511,0.0,0.0,0.0,WePiggy,2023-04-07 15:08:41.549544+00:00
390,OP Foundation,OP Foundation Wallet,OP Foundation Grants,2022-11-24 15:01:22.000 UTC,2022-11-24 15:01:22.000 UTC,0.0,0.0,0.0,0.0,1000000.0,Yearn,2023-04-07 15:08:41.549544+00:00
391,Other,Other,Other,2023-02-08 15:25:11.000 UTC,2022-07-08 00:49:09.000 UTC,452.0,452.0,0.0,0.0,0.0,Zeroex (0x),2023-04-07 15:08:41.549544+00:00
392,OP Foundation,OP Foundation Wallet,OP Foundation Grants,2022-07-08 21:22:57.000 UTC,2022-07-08 21:22:57.000 UTC,0.0,0.0,0.0,0.0,300000.0,Zeroex (0x),2023-04-07 15:08:41.549544+00:00
393,Other,Other,Other,2022-05-31 22:04:52.000 UTC,2022-05-31 22:04:52.000 UTC,2469.3580921499392,2469.3580921499392,0.0,0.0,0.0,Zipswap,2023-04-07 15:08:41.549544+00:00
394,OP Foundation,OP Airdrop 2 Distributor,OP Foundation Grants,2023-02-09 19:49:35.000 UTC,2023-02-09 19:49:35.000 UTC,0.0,0.0,0.0,0.0,26.43032894288744,Zipswap,2023-04-07 15:08:41.549544+00:00
395,Other,dForceOP Pool,Other,2023-03-07 00:27:50.000 UTC,2022-09-30 07:14:46.000 UTC,427704.44695763267,427704.44695763267,0.0,0.0,0.0,dForce,2023-04-07 15:08:41.549544+00:00
396,Deployed,dForce,Distributor,2023-02-15 17:49:37.000 UTC,2022-11-29 07:10:54.000 UTC,0.0,128209.39904148568,0.0,0.0,0.0,dForce,2023-04-07 15:08:41.549544+00:00
397,OP Foundation,OP Foundation Wallet,OP Foundation Grants,2022-09-30 07:12:01.000 UTC,2022-09-30 07:12:01.000 UTC,0.0,0.0,0.0,0.0,300000.0,dForce,2023-04-07 15:08:41.549544+00:00
398,Other,Other,Other,2023-03-30 08:06:40.000 UTC,2022-09-23 03:19:26.000 UTC,148360.68086188738,0.0,0.0,0.0,0.0,dForce,2023-04-07 15:08:41.549544+00:00
399,OP Foundation,OP Airdrop 2 Distributor,OP Foundation Grants,2023-02-09 19:50:36.000 UTC,2023-02-09 19:50:36.000 UTC,0.0,0.0,0.0,0.0,4.362054542621359,dForce,2023-04-07 15:08:41.549544+00:00
400,Project,dForce,Intermediate,2023-01-07 03:26:10.000 UTC,2023-01-07 03:26:10.000 UTC,0.0,-200.08490309001738,0.0,0.0,0.0,dForce,2023-04-07 15:08:41.549544+00:00
401,Deployed,dHedge,Distributor,2023-03-23 11:42:36.000 UTC,2023-01-18 00:37:51.000 UTC,0.0,130000.0,0.0,0.0,0.0,dHedge,2023-04-07 15:08:41.549544+00:00
402,Other,Other,Other,2023-04-07 09:22:11.000 UTC,2022-06-01 01:52:22.000 UTC,235926.05502651824,109515.6587108821,0.0,0.0,0.0,dHedge,2023-04-07 15:08:41.549544+00:00
403,Deployed,dHedge,DHT/OP: Velodrome,2023-04-06 02:28:22.000 UTC,2023-02-02 04:29:59.000 UTC,0.0,26342.0,0.0,0.0,0.0,dHedge,2023-04-07 15:08:41.549544+00:00
404,OP Foundation,OP Airdrop 2 Distributor,OP Foundation Grants,2023-02-09 20:08:28.000 UTC,2023-02-09 20:08:28.000 UTC,0.0,0.0,0.0,0.0,2906.7140660298687,dHedge,2023-04-07 15:08:41.549544+00:00
405,OP Foundation,OP Foundation Wallet,OP Foundation Grants,2022-10-21 01:42:51.000 UTC,2022-10-21 01:42:51.000 UTC,0.0,0.0,0.0,0.0,350000.0,dHedge,2023-04-07 15:08:41.549544+00:00
406,Deployed,xToken,Rewards Program,2022-09-20 18:04:21.000 UTC,2022-09-20 18:04:21.000 UTC,0.0,297025.0,0.0,0.0,0.0,xToken,2023-04-07 15:08:41.549544+00:00
407,Other,Other,Other,2023-04-06 14:56:54.000 UTC,2022-05-31 22:35:37.000 UTC,1801672.279084812,61812.2475899624,0.0,0.0,0.0,xToken,2023-04-07 15:08:41.549544+00:00
408,Deployed,xToken,Rewarder,2023-01-18 14:43:09.000 UTC,2023-01-18 14:43:09.000 UTC,0.0,24999.999999999996,0.0,0.0,0.0,xToken,2023-04-07 15:08:41.549544+00:00
409,Project,Uniswap,Phase 0,2023-01-17 22:03:10.000 UTC,2022-10-25 21:30:41.000 UTC,0.0,0.0,83333.31999999999,0.0,0.0,xToken,2023-04-07 15:08:41.549544+00:00
410,OP Foundation,OP Airdrop 2 Distributor,OP Foundation Grants,2023-02-09 20:05:25.000 UTC,2023-02-09 20:05:25.000 UTC,0.0,0.0,0.0,0.0,7.965053664035649,xToken,2023-04-07 15:08:41.549544+00:00
411,OP Foundation,OP Foundation Wallet,OP Foundation Grants,2022-09-19 14:32:24.000 UTC,2022-09-13 21:24:23.000 UTC,0.0,0.0,0.0,0.0,600000.0,xToken,2023-04-07 15:08:41.549544+00:00
412,Other,xToken LP,Other,2023-03-12 22:25:15.000 UTC,2022-09-21 03:19:25.000 UTC,717838.961469757,0.0,0.0,0.0,0.0,xToken,2023-04-07 15:08:41.549544+00:00
413,Other,xToken LP ,Other,2023-03-27 17:27:03.000 UTC,2022-09-19 16:11:25.000 UTC,2367896.178184793,0.0,0.0,0.0,0.0,xToken,2023-04-07 15:08:41.549544+00:00
