counterparty_label,counterparty_name,counterparty_type,max_block_time,min_block_time,op_claimed,op_deployed,op_from_other_projects,op_to_other_projects,op_to_project,project_name,last_updated
Deployed,1inch,Distributor,2022-09-05 11:36:07.000 UTC,2022-09-05 11:36:07.000 UTC,0.0,300000.0,0.0,0.0,0.0,1inch,2023-11-28 12:09:48.117307+00:00
Other,Other,Other,2023-11-28 02:06:09.000 UTC,2022-09-06 08:46:57.000 UTC,30698.043363299883,0.0,0.0,0.0,0.0,1inch,2023-11-28 12:09:48.117307+00:00
OP Foundation,OP Foundation Wallet,OP Foundation Grants,2022-08-15 07:58:07.000 UTC,2022-08-15 07:58:07.000 UTC,0.0,0.0,0.0,0.0,300000.0,1inch,2023-11-28 12:09:48.117307+00:00
Other,Other,Aave - Liquidity Mining,2023-11-27 00:12:29.000 UTC,2022-08-04 16:35:22.000 UTC,4829520.858939878,4829520.858939878,0.0,0.0,0.0,Aave,2023-11-28 12:09:48.117307+00:00
Other,Other,Other,2023-06-08 17:28:55.000 UTC,2023-06-08 00:23:39.000 UTC,300000.0,300000.0,0.0,0.0,0.0,Aave,2023-11-28 12:09:48.117307+00:00
"Project,RetroPGF",Other,Aave - Liquidity Mining,2023-02-28 09:32:30.000 UTC,2022-10-27 15:19:25.000 UTC,0.0,579.0141903335189,0.0,579.0141903335189,0.0,Aave,2023-11-28 12:09:48.117307+00:00
Project,Other,Aave - Liquidity Mining,2022-11-30 01:24:55.000 UTC,2022-10-05 17:52:24.000 UTC,0.0,46.334668958636705,0.0,46.334668958636705,0.0,Aave,2023-11-28 12:09:48.117307+00:00
OP Foundation,OP Foundation Wallet,OP Foundation Grants,2022-08-03 16:35:55.000 UTC,2022-08-03 16:35:55.000 UTC,0.0,0.0,0.0,0.0,300000.0,Aave,2023-11-28 12:09:48.117307+00:00
Other,Other,Other,2023-04-18 17:41:29.000 UTC,2023-04-18 17:41:29.000 UTC,1.0,1.0,0.0,0.0,0.0,Across Protocol,2023-11-28 12:09:48.117307+00:00
OP Foundation,OP Foundation Wallet,OP Foundation Grants,2023-04-18 17:41:29.000 UTC,2023-04-18 17:41:29.000 UTC,0.0,0.0,0.0,0.0,750000.0,Across Protocol,2023-11-28 12:09:48.117307+00:00
OP Foundation,OP Foundation Sentry Wallet,OP Foundation Grants,2023-08-29 18:09:45.000 UTC,2023-08-29 18:09:45.000 UTC,0.0,0.0,0.0,0.0,15038.62,Across Protocol,2023-11-28 12:09:48.117307+00:00
Other,Other,Other,2022-09-18 02:45:15.000 UTC,2022-07-10 01:39:08.000 UTC,879898.1449961003,879898.1449961003,0.0,0.0,0.0,Aelin,2023-11-28 12:09:48.117307+00:00
Project,"Velodrome: Fostering Inclusive Governance through Leading Optimism Builders and Long-term Users,Velodrome: Spread Awareness Through Direct Outreach and Onboarding,Velodrome,Velodrome Finance","Season 4 - Mission,Season 4,Intermediate,Season 2",2022-08-17 03:55:38.000 UTC,2022-07-19 11:52:43.000 UTC,0.0,19827.0,0.0,19827.0,0.0,Aelin,2023-11-28 12:09:48.117307+00:00
Project,Sugma.eth,Season 4,2022-09-18 02:45:15.000 UTC,2022-09-18 02:45:15.000 UTC,0.0,275.8550038997169,0.0,275.8550038997169,0.0,Aelin,2023-11-28 12:09:48.117307+00:00
OP Foundation,OP Foundation Wallet,OP Foundation Grants,2022-07-14 03:34:07.000 UTC,2022-07-14 03:34:07.000 UTC,0.0,0.0,0.0,0.0,900000.0,Aelin,2023-11-28 12:09:48.117307+00:00
Other,Other,Other,2023-07-11 21:41:57.000 UTC,2022-05-31 14:39:05.000 UTC,214488356.49041227,214488356.49041227,0.0,0.0,0.0,Airdrop #1 Distributor,2023-11-28 12:09:48.117307+00:00
Deployed,Thales,Distributor,2022-06-08 21:38:03.000 UTC,2022-06-01 11:40:13.000 UTC,0.0,6905.851248523099,0.0,0.0,0.0,Airdrop #1 Distributor,2023-11-28 12:09:48.117307+00:00
Other,Other,Other,2023-11-27 10:26:51.000 UTC,2023-01-20 12:49:04.000 UTC,136248.6949469652,132440.07549093635,0.0,0.0,0.0,Alchemix,2023-11-28 12:09:48.117307+00:00
Deployed,Alchemix,alETH/WETH: Velodrome,2023-06-10 16:48:33.000 UTC,2023-01-08 01:17:36.000 UTC,0.0,36500.0,0.0,0.0,0.0,Alchemix,2023-11-28 12:09:48.117307+00:00
OP Foundation,OP Foundation Wallet,OP Foundation Grants,2023-01-08 01:17:36.000 UTC,2023-01-08 01:17:36.000 UTC,0.0,0.0,0.0,0.0,250000.0,Alchemix,2023-11-28 12:09:48.117307+00:00
Project,Velodrome,Intermediate Disperser,2023-07-29 15:18:21.000 UTC,2022-08-18 14:53:05.000 UTC,0.0,0.0,36297.98418140001,0.0,0.0,Alchemix,2023-11-28 12:09:48.117307+00:00
Project,Alchemix,Season 2,2023-06-24 20:08:19.000 UTC,2023-01-13 05:11:28.000 UTC,0.0,-42308.35996530895,0.0,0.0,0.0,Alchemix,2023-11-28 12:09:48.117307+00:00
Deployed,Angle,USDC/agEUR: Uniswap,2023-11-17 15:56:23.000 UTC,2023-02-23 11:29:25.000 UTC,0.0,65400.0,0.0,0.0,0.0,Angle,2023-11-28 12:09:48.117307+00:00
Other,Other,Other,2023-11-27 08:08:49.000 UTC,2022-08-22 06:24:37.000 UTC,103888.57955068351,29336.058588552376,0.0,0.0,0.0,Angle,2023-11-28 12:09:48.117307+00:00
Deployed,Angle,agEUR/MAI: Velodrome,2023-03-06 11:10:16.000 UTC,2022-09-12 07:32:40.000 UTC,0.0,14790.56,0.0,0.0,0.0,Angle,2023-11-28 12:09:48.117307+00:00
Deployed,Angle,OP/agEUR: Velodrome,2023-06-21 13:03:17.000 UTC,2023-02-20 12:07:35.000 UTC,0.0,8700.0,0.0,0.0,0.0,Angle,2023-11-28 12:09:48.117307+00:00
OP Foundation,OP Foundation Wallet,OP Foundation Grants,2023-09-18 18:11:23.000 UTC,2022-11-28 08:45:44.000 UTC,0.0,0.0,0.0,0.0,252565.046851222,Angle,2023-11-28 12:09:48.117307+00:00
Project,Velodrome,Intermediate Disperser,2022-09-29 16:29:25.000 UTC,2022-07-28 19:09:57.000 UTC,0.0,0.0,17686.115516500002,0.0,0.0,Angle,2023-11-28 12:09:48.117307+00:00
Project,Angle,Contract Deplopyer,2023-05-12 14:57:21.000 UTC,2023-02-24 14:12:39.000 UTC,0.0,-87.80453911238342,0.0,0.0,0.0,Angle,2023-11-28 12:09:48.117307+00:00
Project,Angle,Intermediate,2023-06-26 12:49:03.000 UTC,2022-09-09 15:02:58.000 UTC,0.0,-17240.158690579432,0.0,0.0,0.0,Angle,2023-11-28 12:09:48.117307+00:00
Other,Other,Other,2023-11-23 20:39:39.000 UTC,2023-04-20 13:13:34.000 UTC,2603.75,2603.75,0.0,0.0,0.0,Another World,2023-11-28 12:09:48.117307+00:00
OP Foundation,OP Foundation Sentry Wallet,OP Foundation Grants,2023-05-03 19:10:37.000 UTC,2023-05-03 19:10:37.000 UTC,0.0,0.0,0.0,0.0,20000.0,Another World,2023-11-28 12:09:48.117307+00:00
OP Foundation,OP Foundation Wallet,OP Foundation Grants,2023-02-02 23:58:38.000 UTC,2023-02-02 23:58:38.000 UTC,0.0,0.0,0.0,0.0,3000.0,Another World,2023-11-28 12:09:48.117307+00:00
Other,Other,Other,2023-11-24 12:31:13.000 UTC,2022-10-25 13:01:54.000 UTC,423763.8817884632,232668.98391084946,0.0,0.0,0.0,Arrakis Finance,2023-11-28 12:09:48.117307+00:00
Deployed,Arrakis Finance,Partner Fund,2023-02-03 20:24:52.000 UTC,2022-10-26 10:30:04.000 UTC,0.0,11806.653333333334,0.0,0.0,0.0,Arrakis Finance,2023-11-28 12:09:48.117307+00:00
Project,Lido,Intermediate Wallet,2023-11-08 08:54:17.000 UTC,2023-09-08 15:20:09.000 UTC,0.0,0.0,39615.0,0.0,0.0,Arrakis Finance,2023-11-28 12:09:48.117307+00:00
Project,Uniswap,Phase 0,2023-05-01 18:34:16.000 UTC,2022-10-26 13:08:02.000 UTC,0.0,0.0,204166.66,0.0,0.0,Arrakis Finance,2023-11-28 12:09:48.117307+00:00
Other,Other,Other,2023-11-27 13:43:51.000 UTC,2022-05-31 23:00:52.000 UTC,141078.88580008896,141078.88580008896,0.0,0.0,0.0,Atlantis World,2023-11-28 12:09:48.117307+00:00
OP Foundation,OP Foundation Sentry Wallet,OP Foundation Grants,2023-05-04 07:20:39.000 UTC,2023-05-04 07:20:39.000 UTC,0.0,0.0,0.0,0.0,23655.999999999996,Atlantis World,2023-11-28 12:09:48.117307+00:00
OP Foundation,OP Foundation Wallet,OP Foundation Grants,2023-02-09 20:13:51.000 UTC,2022-09-29 15:30:03.000 UTC,0.0,0.0,0.0,0.0,113703.95977424983,Atlantis World,2023-11-28 12:09:48.117307+00:00
Other,Other,Other,2023-04-20 21:42:24.000 UTC,2023-04-20 21:38:05.000 UTC,44342.3,44342.3,0.0,0.0,0.0,Attestation Station Interface,2023-11-28 12:09:48.117307+00:00
OP Foundation,OP Foundation Sentry Wallet,OP Foundation Grants,2023-04-20 21:35:49.000 UTC,2023-04-20 21:35:49.000 UTC,0.0,0.0,0.0,0.0,44342.299999999996,Attestation Station Interface,2023-11-28 12:09:48.117307+00:00
Other,Other,Other,2023-10-26 13:17:27.000 UTC,2023-09-04 14:00:57.000 UTC,60000.0,60000.0,0.0,0.0,0.0,Aura Finance,2023-11-28 12:09:48.117307+00:00
OP Foundation,OP Foundation Sentry Wallet,OP Foundation Grants,2023-09-04 14:00:57.000 UTC,2023-09-04 14:00:57.000 UTC,0.0,0.0,0.0,0.0,60000.0,Aura Finance,2023-11-28 12:09:48.117307+00:00
Project,"Bankless Academy: Multi-lingual Lesson on Optimism Governance,Bankless Academy","Season 4 - Mission,Season 4",2023-04-20 19:45:58.000 UTC,2023-04-20 19:41:28.000 UTC,0.0,58066.78999999999,0.0,58066.78999999999,0.0,Bankless Academy,2023-11-28 12:09:48.117307+00:00
Other,Other,Other,2022-11-08 15:58:52.000 UTC,2022-10-20 17:08:57.000 UTC,33000.0,33000.0,0.0,0.0,0.0,Bankless Academy,2023-11-28 12:09:48.117307+00:00
OP Foundation,OP Foundation Sentry Wallet,OP Foundation Grants,2023-04-20 19:37:54.000 UTC,2023-04-20 19:37:54.000 UTC,0.0,0.0,0.0,0.0,58066.79,Bankless Academy,2023-11-28 12:09:48.117307+00:00
OP Foundation,OP Foundation Wallet,OP Foundation Grants,2022-10-20 10:16:39.000 UTC,2022-10-20 10:16:39.000 UTC,0.0,0.0,0.0,0.0,33000.0,Bankless Academy,2023-11-28 12:09:48.117307+00:00
Other,Other,Other,2023-11-07 14:15:47.000 UTC,2023-04-21 10:49:41.000 UTC,60382.29,60382.29,0.0,0.0,0.0,Bankless Academy: Multi-lingual Lesson on Optimism Governance - Bankless Academy,2023-11-28 12:09:48.117307+00:00
OP Foundation,OP Foundation Wallet,OP Foundation Grants,2023-09-18 18:09:41.000 UTC,2023-09-18 18:09:41.000 UTC,0.0,0.0,0.0,0.0,4540.18755945205,Bankless Academy: Multi-lingual Lesson on Optimism Governance - Bankless Academy,2023-11-28 12:09:48.117307+00:00
Project,Bankless Academy,Season 2,2023-04-20 19:45:58.000 UTC,2023-04-20 19:41:28.000 UTC,0.0,0.0,58066.78999999999,0.0,0.0,Bankless Academy: Multi-lingual Lesson on Optimism Governance - Bankless Academy,2023-11-28 12:09:48.117307+00:00
Other,Other,Other,2023-06-17 08:14:55.000 UTC,2023-06-17 08:14:55.000 UTC,1447.9399999999998,1447.9399999999998,0.0,0.0,0.0,Bankless DAO: Global Campaign to spread the Optimistic vision - Bankless DAO,2023-11-28 12:09:48.117307+00:00
Other,Other,Other,2023-11-07 20:13:29.000 UTC,2022-09-13 16:38:10.000 UTC,445404.8796694547,200054.6868475585,0.0,0.0,0.0,Beefy Finance,2023-11-28 12:09:48.117307+00:00
Deployed,Beefy Finance,BIFI/WETH: Velodrome,2023-06-20 14:13:11.000 UTC,2022-10-07 08:45:18.000 UTC,0.0,102175.0,0.0,0.0,0.0,Beefy Finance,2023-11-28 12:09:48.117307+00:00
Project,"Beefy Finance,Beefy - Universal Zap","Season 1,Season 4",2023-07-07 12:27:27.000 UTC,2022-10-25 17:00:39.000 UTC,0.0,78272.66718412105,0.0,78272.66718412105,0.0,Beefy Finance,2023-11-28 12:09:48.117307+00:00
Deployed,Beefy Finance,BIFI/OP: Velodrome,2023-06-20 14:12:37.000 UTC,2022-09-13 16:46:50.000 UTC,0.0,47700.0,0.0,0.0,0.0,Beefy Finance,2023-11-28 12:09:48.117307+00:00
Deployed,Beefy Finance,Beefy Launchpool,2022-12-19 12:31:28.000 UTC,2022-10-25 17:14:55.000 UTC,0.0,44999.0,0.0,0.0,0.0,Beefy Finance,2023-11-28 12:09:48.117307+00:00
OP Foundation,OP Foundation Wallet,OP Foundation Grants,2023-02-09 19:32:57.000 UTC,2023-02-09 19:32:57.000 UTC,0.0,0.0,0.0,0.0,6.672569447080187,Beefy Finance,2023-11-28 12:09:48.117307+00:00
Project,"Beefy Finance,Beefy - Universal Zap","Season 1,Season 4",2023-07-04 00:39:45.000 UTC,2022-09-13 04:56:16.000 UTC,0.0,0.0,317365.0,0.0,0.0,Beefy Finance,2023-11-28 12:09:48.117307+00:00
Project,Beefy Finance,Intermediate,2023-07-04 00:39:45.000 UTC,2022-09-13 04:56:16.000 UTC,0.0,317365.0,0.0,317365.0,0.0,Beefy Finance - Beefy - Universal Zap,2023-11-28 12:09:48.117307+00:00
Other,Other,Other,2023-11-23 12:34:59.000 UTC,2023-01-04 13:22:18.000 UTC,190871.0,190871.0,0.0,0.0,0.0,Beefy Finance - Beefy - Universal Zap,2023-11-28 12:09:48.117307+00:00
OP Foundation,OP Foundation Wallet,OP Foundation Grants,2022-09-12 21:18:28.000 UTC,2022-09-12 21:18:28.000 UTC,0.0,0.0,0.0,0.0,650000.0,Beefy Finance - Beefy - Universal Zap,2023-11-28 12:09:48.117307+00:00
Project,Beefy Finance,Intermediate,2023-07-07 12:27:27.000 UTC,2022-10-25 17:00:39.000 UTC,0.0,0.0,78272.66718412105,0.0,0.0,Beefy Finance - Beefy - Universal Zap,2023-11-28 12:09:48.117307+00:00
Project,Lido,Intermediate Wallet,2023-09-11 15:02:31.000 UTC,2023-04-07 09:44:41.000 UTC,0.0,0.0,22000.0,0.0,0.0,Beefy Finance - Beefy - Universal Zap,2023-11-28 12:09:48.117307+00:00
Project,Stargate Finance,Phase 0,2023-03-15 17:32:54.000 UTC,2023-03-15 17:32:54.000 UTC,0.0,0.0,75000.0,0.0,0.0,Beefy Finance - Beefy - Universal Zap,2023-11-28 12:09:48.117307+00:00
Other,Other,Other,2023-11-24 20:00:01.000 UTC,2022-08-19 22:07:10.000 UTC,327435.3799999999,180583.12999999998,0.0,0.0,0.0,Beethoven X,2023-11-28 12:09:48.117307+00:00
Deployed,Beethoven X,Pool,2023-01-05 21:54:07.000 UTC,2022-09-29 17:01:37.000 UTC,0.0,119647.51,0.0,0.0,0.0,Beethoven X,2023-11-28 12:09:48.117307+00:00
Deployed,Beethoven X,Distributor,2023-01-05 21:54:07.000 UTC,2022-11-24 17:30:49.000 UTC,0.0,27204.739999999998,0.0,0.0,0.0,Beethoven X,2023-11-28 12:09:48.117307+00:00
Project,Rocket Pool,Season 1,2023-07-19 11:09:57.000 UTC,2023-05-28 12:24:18.000 UTC,0.0,22440.0,0.0,22440.0,0.0,Beethoven X,2023-11-28 12:09:48.117307+00:00
Deployed,Overnight,BPT-USD+: Beethoven X,2023-03-17 15:16:32.000 UTC,2022-12-22 19:59:52.000 UTC,0.0,20418.579999999998,0.0,0.0,0.0,Beethoven X,2023-11-28 12:09:48.117307+00:00
Deployed,Rocket Pool,WETH/rETH: Beethoven X,2023-05-13 20:16:13.000 UTC,2022-12-22 19:59:52.000 UTC,0.0,4435.63,0.0,0.0,0.0,Beethoven X,2023-11-28 12:09:48.117307+00:00
Project,Overnight,Season 2,2023-03-03 13:38:51.000 UTC,2023-03-03 13:38:51.000 UTC,0.0,1300.0,0.0,1300.0,0.0,Beethoven X,2023-11-28 12:09:48.117307+00:00
Project,QiDao,Season 1,2023-01-12 21:51:10.000 UTC,2023-01-12 21:51:10.000 UTC,0.0,900.0,0.0,900.0,0.0,Beethoven X,2023-11-28 12:09:48.117307+00:00
Project,QiDao,Season 1,2022-12-21 22:26:14.000 UTC,2022-09-29 17:54:56.000 UTC,0.0,0.0,29092.0,0.0,0.0,Beethoven X,2023-11-28 12:09:48.117307+00:00
Project,Lido,Intermediate Wallet,2023-04-07 09:44:41.000 UTC,2023-04-07 09:44:41.000 UTC,0.0,0.0,6000.0,0.0,0.0,Beethoven X,2023-11-28 12:09:48.117307+00:00
OP Foundation,OP Foundation Wallet,OP Foundation Grants,2022-08-09 13:31:33.000 UTC,2022-08-09 13:31:33.000 UTC,0.0,0.0,0.0,0.0,500000.0,Beethoven X,2023-11-28 12:09:48.117307+00:00
Project,Overnight,Season 2,2023-04-06 15:20:56.000 UTC,2023-01-17 08:52:43.000 UTC,0.0,0.0,23500.000000000033,0.0,0.0,Beethoven X,2023-11-28 12:09:48.117307+00:00
OP Foundation,OP Foundation Wallet,OP Foundation Grants,2022-09-02 08:44:30.000 UTC,2022-09-02 08:44:30.000 UTC,0.0,0.0,0.0,0.0,750000.0,Biconomy,2023-11-28 12:09:48.117307+00:00
Other,Other,Other,2023-08-07 13:37:27.000 UTC,2022-11-01 16:14:31.000 UTC,99960.0,99960.0,0.0,0.0,0.0,Boardroom,2023-11-28 12:09:48.117307+00:00
OP Foundation,OP Foundation Wallet,OP Foundation Grants,2022-08-26 17:27:27.000 UTC,2022-08-26 17:27:27.000 UTC,0.0,0.0,0.0,0.0,99999.99999999999,Boardroom,2023-11-28 12:09:48.117307+00:00
OP Foundation,OP Foundation Sentry Wallet,OP Foundation Grants,2023-08-07 13:18:19.000 UTC,2023-08-07 13:18:19.000 UTC,0.0,0.0,0.0,0.0,32480.07,Boardroom,2023-11-28 12:09:48.117307+00:00
Other,Other,Other,2023-11-03 03:10:31.000 UTC,2023-08-13 09:14:39.000 UTC,13300.0,13300.0,0.0,0.0,0.0,Bored Town,2023-11-28 12:09:48.117307+00:00
Project,OptiChads,Intermediate,2023-07-27 04:23:49.000 UTC,2023-05-15 14:13:11.000 UTC,0.0,4500.0,0.0,4500.0,0.0,Bored Town,2023-11-28 12:09:48.117307+00:00
OP Foundation,OP Foundation Sentry Wallet,OP Foundation Grants,2023-05-03 22:45:19.000 UTC,2023-05-03 22:45:19.000 UTC,0.0,0.0,0.0,0.0,20000.0,Bored Town,2023-11-28 12:09:48.117307+00:00
Other,Other,Other,2023-11-26 16:44:37.000 UTC,2022-08-16 10:17:15.000 UTC,114183.59999999999,114183.59999999999,0.0,0.0,0.0,Candide Wallet,2023-11-28 12:09:48.117307+00:00
OP Foundation,OP Foundation Wallet,OP Foundation Grants,2022-08-09 12:31:03.000 UTC,2022-08-09 12:28:28.000 UTC,0.0,0.0,0.0,0.0,190000.0,Candide Wallet,2023-11-28 12:09:48.117307+00:00
OP Foundation,OP Foundation Sentry Wallet,OP Foundation Grants,2023-05-07 19:03:26.000 UTC,2023-05-07 18:52:27.000 UTC,0.0,0.0,0.0,0.0,37888.81,Candide Wallet,2023-11-28 12:09:48.117307+00:00
Other,Other,Other,2023-04-20 19:04:28.000 UTC,2023-04-20 19:04:28.000 UTC,91258.61222980809,91258.61222980809,0.0,0.0,0.0,Cannon,2023-11-28 12:09:48.117307+00:00
OP Foundation,OP Foundation Sentry Wallet,OP Foundation Grants,2023-04-20 18:53:39.000 UTC,2023-04-20 18:53:39.000 UTC,0.0,0.0,0.0,0.0,90241.42,Cannon,2023-11-28 12:09:48.117307+00:00
OP Foundation,OP Foundation Wallet,OP Foundation Grants,2023-09-18 18:15:45.000 UTC,2023-02-09 20:13:04.000 UTC,0.0,0.0,0.0,0.0,535.3796479335118,Cannon,2023-11-28 12:09:48.117307+00:00
Deployed,Celer,Distributor,2023-06-22 10:15:39.000 UTC,2022-08-11 13:37:11.000 UTC,0.0,220001.0,0.0,0.0,0.0,Celer,2023-11-28 12:09:48.117307+00:00
Deployed,Celer,Incentive Events Reward,2023-05-02 01:58:08.000 UTC,2022-11-15 02:36:57.000 UTC,0.0,30000.0,0.0,0.0,0.0,Celer,2023-11-28 12:09:48.117307+00:00
OP Foundation,OP Foundation Wallet,OP Foundation Grants,2022-08-04 06:56:59.000 UTC,2022-08-04 06:56:59.000 UTC,0.0,0.0,0.0,0.0,1000000.0,Celer,2023-11-28 12:09:48.117307+00:00
Other,Other,Other,2023-11-26 00:56:55.000 UTC,2022-08-13 02:54:01.000 UTC,247489.227118042,0.0,0.0,0.0,0.0,Celer,2023-11-28 12:09:48.117307+00:00
OP Foundation,OP Foundation Wallet,OP Foundation Grants,2022-08-03 16:35:25.000 UTC,2022-08-03 16:35:25.000 UTC,0.0,0.0,0.0,0.0,1000000.0,Chainlink,2023-11-28 12:09:48.117307+00:00
Other,Other,Other,2023-09-16 00:30:15.000 UTC,2023-09-16 00:30:15.000 UTC,555.92602583913,555.92602583913,0.0,0.0,0.0,Chaintrap,2023-11-28 12:09:48.117307+00:00
OP Foundation,OP Foundation Wallet,OP Foundation Grants,2023-09-15 18:08:29.000 UTC,2023-09-15 18:08:29.000 UTC,0.0,0.0,0.0,0.0,555.92602583913,Chaintrap,2023-11-28 12:09:48.117307+00:00
Other,Other,Other,2023-11-22 06:40:01.000 UTC,2023-11-01 05:18:37.000 UTC,15861.906827805997,15861.906827805997,0.0,0.0,0.0,Clearpool Finance,2023-11-28 12:09:48.117307+00:00
Project,Idle,Season 4,2023-11-08 01:10:13.000 UTC,2023-11-01 05:18:37.000 UTC,0.0,4344.72275312716,0.0,4344.72275312716,0.0,Clearpool Finance,2023-11-28 12:09:48.117307+00:00
OP Foundation,OP Foundation Sentry Wallet,OP Foundation Grants,2023-09-08 03:18:01.000 UTC,2023-09-08 03:18:01.000 UTC,0.0,0.0,0.0,0.0,60000.0,Clearpool Finance,2023-11-28 12:09:48.117307+00:00
Deployed,Clipper,Distributor,2023-01-21 10:24:24.000 UTC,2023-01-21 10:24:24.000 UTC,0.0,148585.0,0.0,0.0,0.0,Clipper,2023-11-28 12:09:48.117307+00:00
Other,Other,Other,2023-11-27 19:27:03.000 UTC,2022-07-07 22:12:38.000 UTC,258554.0,129348.99999999999,0.0,0.0,0.0,Clipper,2023-11-28 12:09:48.117307+00:00
OP Foundation,OP Foundation Wallet,OP Foundation Grants,2023-09-18 18:09:05.000 UTC,2022-07-08 21:22:57.000 UTC,0.0,0.0,0.0,0.0,320000.0,Clipper,2023-11-28 12:09:48.117307+00:00
OP Foundation,OP Foundation Sentry Wallet,OP Foundation Grants,2023-08-30 19:29:55.000 UTC,2023-08-30 19:29:55.000 UTC,0.0,0.0,0.0,0.0,40000.0,Clique,2023-11-28 12:09:48.117307+00:00
Other,Other,Other,2023-10-30 12:52:07.000 UTC,2023-04-10 20:47:12.000 UTC,2513.0,2513.0,0.0,0.0,0.0,Crypto LDFM,2023-11-28 12:09:48.117307+00:00
OP Foundation,OP Foundation Wallet,OP Foundation Grants,2023-04-06 22:05:05.000 UTC,2023-04-06 22:05:05.000 UTC,0.0,0.0,0.0,0.0,4000.0,Crypto LDFM,2023-11-28 12:09:48.117307+00:00
Other,Other,Other,2022-12-19 09:43:27.000 UTC,2022-12-19 09:43:27.000 UTC,4987.0,4987.0,0.0,0.0,0.0,CryptoTesters,2023-11-28 12:09:48.117307+00:00
OP Foundation,OP Foundation Wallet,OP Foundation Grants,2022-12-15 22:36:40.000 UTC,2022-12-15 22:36:40.000 UTC,0.0,0.0,0.0,0.0,4652.0,CryptoTesters,2023-11-28 12:09:48.117307+00:00
Other,Other,Other,2023-04-20 19:18:32.000 UTC,2023-04-20 19:18:32.000 UTC,10933.369999999999,10933.369999999999,0.0,0.0,0.0,Cryptoversidad - Cryptoversidad Team,2023-11-28 12:09:48.117307+00:00
Other,Other,Other,2023-11-04 18:07:55.000 UTC,2023-03-24 21:15:40.000 UTC,1276.3464068852675,1276.3464068852675,0.0,0.0,0.0,Cryptoversidad Team,2023-11-28 12:09:48.117307+00:00
OP Foundation,OP Foundation Wallet,OP Foundation Grants,2023-09-18 18:30:01.000 UTC,2023-02-09 19:55:14.000 UTC,0.0,0.0,0.0,0.0,119.49232457162333,Cryptoversidad Team,2023-11-28 12:09:48.117307+00:00
OP Foundation,OP Foundation Sentry Wallet,OP Foundation Grants,2023-04-20 19:15:16.000 UTC,2023-04-20 19:13:30.000 UTC,0.0,0.0,0.0,0.0,10933.37,Cryptoversidad Team - Cryptoversidad,2023-11-28 12:09:48.117307+00:00
Project,Giveth,"Multisig,Season 3",2023-10-18 12:03:13.000 UTC,2023-10-18 12:03:13.000 UTC,0.0,0.0,25.0,0.0,0.0,DAOStar: Governance standards for the Optimism ecosystem - DAOStar,2023-11-28 12:09:48.117307+00:00
Other,Other,Other,2023-05-30 15:52:05.000 UTC,2023-05-30 15:52:05.000 UTC,49999.99999999999,49999.99999999999,0.0,0.0,0.0,Dane Lund,2023-11-28 12:09:48.117307+00:00
OP Foundation,OP Foundation Wallet,OP Foundation Grants,2023-04-05 22:24:48.000 UTC,2023-04-05 22:24:48.000 UTC,0.0,0.0,0.0,0.0,17500.0,Dane Lund,2023-11-28 12:09:48.117307+00:00
OP Foundation,OP Foundation Sentry Wallet,OP Foundation Grants,2023-05-03 17:11:05.000 UTC,2023-04-19 18:48:39.000 UTC,0.0,0.0,0.0,0.0,32500.0,Dane Lund,2023-11-28 12:09:48.117307+00:00
OP Foundation,OP Foundation Wallet,OP Foundation Grants,2023-09-15 18:15:25.000 UTC,2023-09-15 18:15:25.000 UTC,0.0,0.0,0.0,0.0,1190.267702142779,Dappnode: Future-proofing UI/UX of OP nodes - Dappnode,2023-11-28 12:09:48.117307+00:00
Other,Other,Other,2023-11-20 08:05:41.000 UTC,2023-11-20 08:05:41.000 UTC,7.825881577376167,7.825881577376167,0.0,0.0,0.0,DeNotify,2023-11-28 12:09:48.117307+00:00
OP Foundation,OP Foundation Wallet,OP Foundation Grants,2023-02-09 19:52:23.000 UTC,2023-02-09 19:52:23.000 UTC,0.0,0.0,0.0,0.0,7.825881577376167,DeNotify,2023-11-28 12:09:48.117307+00:00
Other,Other,Other,2023-07-19 07:00:41.000 UTC,2023-01-19 11:42:35.000 UTC,196965.260704006,196965.260704006,0.0,0.0,0.0,DefiEdge,2023-11-28 12:09:48.117307+00:00
Project,Uniswap,Phase 0,2023-05-01 18:33:01.000 UTC,2023-01-18 05:00:01.000 UTC,0.0,0.0,187500.0,0.0,0.0,DefiEdge,2023-11-28 12:09:48.117307+00:00
Project,Overnight,Season 2,2023-07-17 08:48:55.000 UTC,2023-07-17 08:48:55.000 UTC,0.0,0.0,4000.0,0.0,0.0,DefiEdge,2023-11-28 12:09:48.117307+00:00
OP Foundation,OP Foundation Wallet,OP Foundation Grants,2023-02-09 19:43:24.000 UTC,2023-02-09 19:43:24.000 UTC,0.0,0.0,0.0,0.0,4.1843535627035795,DefiEdge,2023-11-28 12:09:48.117307+00:00
Other,Other,Other,2023-09-03 18:38:57.000 UTC,2023-01-01 18:22:59.000 UTC,302384.21366,302384.21366,0.0,0.0,0.0,DefiLlama,2023-11-28 12:09:48.117307+00:00
OP Foundation,OP Foundation Wallet,OP Foundation Grants,2022-12-26 20:23:15.000 UTC,2022-12-26 20:23:15.000 UTC,0.0,0.0,0.0,0.0,300000.0,DefiLlama,2023-11-28 12:09:48.117307+00:00
Other,Other,Other,2022-06-08 21:59:08.000 UTC,2022-06-08 21:59:08.000 UTC,1733.9352599437716,1733.9352599437716,0.0,0.0,0.0,Delegate Corner,2023-11-28 12:09:48.117307+00:00
OP Foundation,OP Foundation Wallet,OP Foundation Grants,2023-02-09 19:37:00.000 UTC,2023-02-09 19:37:00.000 UTC,0.0,0.0,0.0,0.0,2.506471286479996,Delegate Corner,2023-11-28 12:09:48.117307+00:00
Other,Other,Other,2023-11-21 16:25:57.000 UTC,2022-08-05 10:07:13.000 UTC,79166.24968239974,79166.24968239974,0.0,0.0,0.0,Dhannte,2023-11-28 12:09:48.117307+00:00
OP Foundation,OP Foundation Wallet,OP Foundation Grants,2023-09-18 18:09:23.000 UTC,2022-12-06 19:56:05.000 UTC,0.0,0.0,0.0,0.0,31228.42610345357,Dhannte,2023-11-28 12:09:48.117307+00:00
OP Foundation,OP Foundation Sentry Wallet,OP Foundation Grants,2023-10-31 20:26:21.000 UTC,2023-04-19 18:48:39.000 UTC,0.0,0.0,0.0,0.0,60250.0,Dhannte,2023-11-28 12:09:48.117307+00:00
Other,Other,Other,2023-11-22 16:13:31.000 UTC,2023-08-07 01:35:49.000 UTC,59701.222402354804,59701.222402354804,0.0,0.0,0.0,Disperse,2023-11-28 12:09:48.117307+00:00
Other,Other,Other,2023-09-12 01:34:31.000 UTC,2023-02-16 06:14:45.000 UTC,138324.3,138324.3,0.0,0.0,0.0,Dope Wars,2023-11-28 12:09:48.117307+00:00
OP Foundation,OP Foundation Wallet,OP Foundation Grants,2022-11-17 08:16:13.000 UTC,2022-11-17 08:16:13.000 UTC,0.0,0.0,0.0,0.0,300000.0,Dope Wars,2023-11-28 12:09:48.117307+00:00
OP Foundation,OP Foundation Wallet,OP Foundation Grants,2023-09-18 18:10:17.000 UTC,2023-09-18 18:10:17.000 UTC,0.0,0.0,0.0,0.0,3188.46575342466,ENS Wildcard Domains - Superchain Resolver: Manage ENS Records on OP Chains (storage proofs),2023-11-28 12:09:48.117307+00:00
OP Foundation,OP Foundation Sentry Wallet,OP Foundation Grants,2023-04-27 09:41:44.000 UTC,2023-04-27 09:41:44.000 UTC,0.0,0.0,0.0,0.0,13930.17,ENS Wildcard Domains - Superchain Resolver: Manage ENS Records on OP Chains (storage proofs),2023-11-28 12:09:48.117307+00:00
Other,Other,Other,2023-10-17 04:59:57.000 UTC,2023-05-30 02:24:46.000 UTC,9910.0,9910.0,0.0,0.0,0.0,Espacio Cripto - Espacio Cripto: Let’s take the Optimistic Vision to LATAM,2023-11-28 12:09:48.117307+00:00
OP Foundation,OP Foundation Sentry Wallet,OP Foundation Grants,2023-05-25 17:16:47.000 UTC,2023-05-25 17:16:47.000 UTC,0.0,0.0,0.0,0.0,9910.0,Espacio Cripto - Espacio Cripto: Let’s take the Optimistic Vision to LATAM,2023-11-28 12:09:48.117307+00:00
Other,Other,Other,2023-07-06 19:49:05.000 UTC,2023-07-06 19:49:05.000 UTC,14736.369999999999,14736.369999999999,0.0,0.0,0.0,Ethereum Mexico: Rumbo optimista: hacia Ethereum Mexico - Ethereum Mexico,2023-11-28 12:09:48.117307+00:00
"Project,Deployed",Op Podcast NFTs,"Season 4,Distributor",2023-10-23 00:27:59.000 UTC,2023-10-23 00:27:59.000 UTC,0.0,0.0,1.0,0.0,0.0,Ethereum Mexico: Rumbo optimista: hacia Ethereum Mexico - Ethereum Mexico,2023-11-28 12:09:48.117307+00:00
OP Foundation,OP Foundation Sentry Wallet,OP Foundation Grants,2023-06-22 15:30:25.000 UTC,2023-06-22 15:30:25.000 UTC,0.0,0.0,0.0,0.0,15736.369999999999,Ethereum Mexico: Rumbo optimista: hacia Ethereum Mexico - Ethereum Mexico,2023-11-28 12:09:48.117307+00:00
Other,Other,Other,2023-08-07 15:45:01.000 UTC,2023-01-01 21:20:05.000 UTC,75070.0,75070.0,0.0,0.0,0.0,EthernautDAO,2023-11-28 12:09:48.117307+00:00
Project,Soldeer,Season 4,2023-07-17 10:56:39.000 UTC,2023-01-04 13:33:03.000 UTC,0.0,7500.0,0.0,7500.0,0.0,EthernautDAO,2023-11-28 12:09:48.117307+00:00
OP Foundation,OP Foundation Sentry Wallet,OP Foundation Grants,2023-06-26 18:46:17.000 UTC,2023-06-26 18:46:17.000 UTC,0.0,0.0,0.0,0.0,63437.9,EthernautDAO,2023-11-28 12:09:48.117307+00:00
OP Foundation,OP Foundation Wallet,OP Foundation Grants,2022-11-29 14:03:58.000 UTC,2022-11-29 14:03:58.000 UTC,0.0,0.0,0.0,0.0,120000.0,EthernautDAO,2023-11-28 12:09:48.117307+00:00
Deployed,Exactly,Distributor Multisig,2023-08-17 12:51:29.000 UTC,2023-04-03 12:14:35.000 UTC,0.0,612499.9999999999,0.0,0.0,0.0,Exactly,2023-11-28 12:09:48.117307+00:00
Other,Other,Other,2023-11-28 01:44:23.000 UTC,2023-04-03 14:26:20.000 UTC,610898.4739767814,889.0829522757645,0.0,0.0,0.0,Exactly,2023-11-28 12:09:48.117307+00:00
OP Foundation,OP Foundation Sentry Wallet,OP Foundation Grants,2023-08-17 12:51:29.000 UTC,2023-05-05 14:54:03.000 UTC,0.0,0.0,0.0,0.0,499999.99999999994,Exactly,2023-11-28 12:09:48.117307+00:00
OP Foundation,OP Foundation Wallet,OP Foundation Grants,2023-03-10 04:26:29.000 UTC,2023-03-10 04:26:29.000 UTC,0.0,0.0,0.0,0.0,99999.99999999999,Exactly,2023-11-28 12:09:48.117307+00:00
Other,Other,Other,2023-11-22 09:25:05.000 UTC,2023-09-06 05:33:03.000 UTC,34601.0,34601.0,0.0,0.0,0.0,Extra Finance,2023-11-28 12:09:48.117307+00:00
OP Foundation,OP Foundation Sentry Wallet,OP Foundation Grants,2023-08-31 00:11:03.000 UTC,2023-08-31 00:11:03.000 UTC,0.0,0.0,0.0,0.0,41600.0,Extra Finance,2023-11-28 12:09:48.117307+00:00
Other,Other,Other,2023-10-19 14:59:09.000 UTC,2022-12-09 22:19:41.000 UTC,80885.07338227297,80885.07338227297,0.0,0.0,0.0,GFX (PaperImperium) - Interest Protocol,2023-11-28 12:09:48.117307+00:00
OP Foundation,OP Foundation Sentry Wallet,OP Foundation Grants,2023-10-19 14:56:23.000 UTC,2023-04-19 18:48:39.000 UTC,0.0,0.0,0.0,0.0,27583.0,GFX (PaperImperium) - Interest Protocol,2023-11-28 12:09:48.117307+00:00
OP Foundation,OP Foundation Wallet,OP Foundation Grants,2023-09-15 18:11:25.000 UTC,2022-12-06 19:56:05.000 UTC,0.0,0.0,0.0,0.0,22820.267702142777,GFX (PaperImperium) - Interest Protocol,2023-11-28 12:09:48.117307+00:00
Other,Other,Other,2023-06-26 09:47:33.000 UTC,2023-06-26 09:47:33.000 UTC,9958.317749849724,9958.317749849724,0.0,0.0,0.0,Galxe,2023-11-28 12:09:48.117307+00:00
OP Foundation,OP Foundation Sentry Wallet,OP Foundation Grants,2023-06-22 04:41:43.000 UTC,2023-06-05 05:55:56.000 UTC,0.0,0.0,0.0,0.0,200000.0,Galxe,2023-11-28 12:09:48.117307+00:00
Project,Stargate Finance,Phase 0,2023-05-28 18:50:28.000 UTC,2023-05-28 18:50:28.000 UTC,0.0,0.0,45000.0,0.0,0.0,Galxe,2023-11-28 12:09:48.117307+00:00
Other,Other,Other,2023-11-24 12:47:11.000 UTC,2023-03-14 22:10:38.000 UTC,205690.34796578524,0.0,0.0,0.0,0.0,Gamma,2023-11-28 12:09:48.117307+00:00
OP Foundation,OP Foundation Sentry Wallet,OP Foundation Grants,2023-04-27 12:39:24.000 UTC,2023-04-27 12:39:24.000 UTC,0.0,0.0,0.0,0.0,10535.97,GasHawk,2023-11-28 12:09:48.117307+00:00
Other,Other,Other,2023-11-08 08:39:07.000 UTC,2022-07-08 07:32:26.000 UTC,116564.92227909615,116564.92227909615,0.0,0.0,0.0,Gelato,2023-11-28 12:09:48.117307+00:00
OP Foundation,OP Foundation Sentry Wallet,OP Foundation Grants,2023-06-20 07:29:11.000 UTC,2023-06-20 07:29:11.000 UTC,0.0,0.0,0.0,0.0,17983.16,Gelato,2023-11-28 12:09:48.117307+00:00
OP Foundation,OP Foundation Wallet,OP Foundation Grants,2022-07-08 21:22:57.000 UTC,2022-07-08 21:22:57.000 UTC,0.0,0.0,0.0,0.0,300000.0,Gelato,2023-11-28 12:09:48.117307+00:00
Other,Other,Other,2023-11-27 21:05:41.000 UTC,2023-01-26 00:41:26.000 UTC,21907.724577234352,21907.724577234352,0.0,0.0,0.0,Geo Web,2023-11-28 12:09:48.117307+00:00
OP Foundation,OP Foundation Wallet,OP Foundation Grants,2023-01-20 18:42:08.000 UTC,2023-01-20 18:42:08.000 UTC,0.0,0.0,0.0,0.0,20000.0,Geo Web,2023-11-28 12:09:48.117307+00:00
OP Foundation,OP Foundation Sentry Wallet,OP Foundation Grants,2023-06-29 15:25:31.000 UTC,2023-05-11 19:47:15.000 UTC,0.0,0.0,0.0,0.0,2000.0,Geo Web,2023-11-28 12:09:48.117307+00:00
Other,Other,Other,2023-10-28 13:30:13.000 UTC,2023-04-25 12:35:48.000 UTC,150414.43,150414.43,0.0,0.0,0.0,Giveth,2023-11-28 12:09:48.117307+00:00
Project,"DAOStar: Governance standards for the Optimism ecosystem,DAOStar","Season 4 - Mission,Season 4",2023-10-18 12:03:13.000 UTC,2023-10-18 12:03:13.000 UTC,0.0,25.0,0.0,25.0,0.0,Giveth,2023-11-28 12:09:48.117307+00:00
Project,Governance Analytics Dashboard,Season 4,2023-10-18 12:03:13.000 UTC,2023-10-18 12:03:13.000 UTC,0.0,25.0,0.0,25.0,0.0,Giveth,2023-11-28 12:09:48.117307+00:00
Project,dm3 Protocol,Season 3,2023-10-18 12:03:13.000 UTC,2023-10-18 12:03:13.000 UTC,0.0,25.0,0.0,25.0,0.0,Giveth,2023-11-28 12:09:48.117307+00:00
"Project,Deployed",Op Podcast NFTs,"Season 4,Distributor",2023-10-18 12:03:13.000 UTC,2023-10-18 12:03:13.000 UTC,0.0,25.0,0.0,25.0,0.0,Giveth,2023-11-28 12:09:48.117307+00:00
"RetroPGF,Project","rotki,Rotki","RetroPGF - Round #2,Season 3,Season 1",2023-10-18 12:03:13.000 UTC,2023-10-18 12:03:13.000 UTC,0.0,25.0,0.0,25.0,0.0,Giveth,2023-11-28 12:09:48.117307+00:00
"RetroPGF,Project",OptiChads,"RetroPGF - Round #2,Season 2",2023-10-18 12:03:13.000 UTC,2023-10-18 12:03:13.000 UTC,0.0,25.0,0.0,25.0,0.0,Giveth,2023-11-28 12:09:48.117307+00:00
Project,"Praise: Improving Governance Accessibility through Contribution Based Attestations,Praise","Season 4 - Mission,Season 4",2023-10-18 12:03:13.000 UTC,2023-10-18 12:03:13.000 UTC,0.0,25.0,0.0,25.0,0.0,Giveth,2023-11-28 12:09:48.117307+00:00
"Project,Deployed",Op Podcast NFTs,"Season 4,Distributor",2023-10-23 00:25:25.000 UTC,2023-10-23 00:25:25.000 UTC,0.0,0.0,0.05,0.0,0.0,Giveth,2023-11-28 12:09:48.117307+00:00
OP Foundation,OP Foundation Sentry Wallet,OP Foundation Grants,2023-08-15 06:00:09.000 UTC,2023-04-25 06:45:05.000 UTC,0.0,0.0,0.0,0.0,145814.43,Giveth,2023-11-28 12:09:48.117307+00:00
OP Foundation,OP Foundation Sentry Wallet,OP Foundation Grants,2023-10-20 08:27:53.000 UTC,2023-10-20 08:27:53.000 UTC,0.0,0.0,0.0,0.0,119584.01,Gnosis Safe,2023-11-28 12:09:48.117307+00:00
OP Foundation,OP Foundation Wallet,OP Foundation Grants,2023-04-26 18:53:25.000 UTC,2023-04-26 18:53:25.000 UTC,0.0,0.0,0.0,0.0,500000.0,Gnosis Safe,2023-11-28 12:09:48.117307+00:00
Project,Giveth,"Multisig,Season 3",2023-10-18 12:03:13.000 UTC,2023-10-18 12:03:13.000 UTC,0.0,0.0,25.0,0.0,0.0,Governance Analytics Dashboard,2023-11-28 12:09:48.117307+00:00
Other,Other,Other,2023-06-28 21:46:15.000 UTC,2023-06-28 21:32:55.000 UTC,24440.0,24440.0,0.0,0.0,0.0,H.E.R. -  LatAm - H.E.R. -  LatAm: Optimistic Womxn Shinning in Blockchain,2023-11-28 12:09:48.117307+00:00
OP Foundation,OP Foundation Sentry Wallet,OP Foundation Grants,2023-06-24 13:41:17.000 UTC,2023-06-23 16:58:45.000 UTC,0.0,0.0,0.0,0.0,24880.58,H.E.R. -  LatAm - H.E.R. -  LatAm: Optimistic Womxn Shinning in Blockchain,2023-11-28 12:09:48.117307+00:00
Other,Other,Other,2023-11-27 17:16:41.000 UTC,2023-11-27 17:16:41.000 UTC,2613.15,2613.15,0.0,0.0,0.0,H.E.R. -  LatAm: Optimistic Womxn Shinning in Blockchain - H.E.R. -  LatAm,2023-11-28 12:09:48.117307+00:00
Deployed,Hop Protocol,Distributor,2023-11-15 19:21:07.000 UTC,2022-10-05 03:38:02.000 UTC,0.0,258293.0195370889,0.0,0.0,0.0,Hop Protocol,2023-11-28 12:09:48.117307+00:00
Project,Velodrome,Intermediate Disperser,2022-08-04 17:38:45.000 UTC,2022-08-04 17:38:45.000 UTC,0.0,0.0,552.193,0.0,0.0,Hop Protocol,2023-11-28 12:09:48.117307+00:00
Other,Other,Other,2023-11-28 11:01:29.000 UTC,2022-10-05 04:43:14.000 UTC,122042.31887780456,0.0,0.0,0.0,0.0,Hop Protocol,2023-11-28 12:09:48.117307+00:00
OP Foundation,OP Foundation Wallet,OP Foundation Grants,2022-10-03 02:22:28.000 UTC,2022-10-03 02:22:28.000 UTC,0.0,0.0,0.0,0.0,1000000.0,Hop Protocol,2023-11-28 12:09:48.117307+00:00
Deployed,Hundred Finance,pool,2023-01-18 13:44:33.000 UTC,2022-11-28 12:22:16.000 UTC,0.0,84687.5,0.0,0.0,0.0,Hundred Finance,2023-11-28 12:09:48.117307+00:00
Deployed,Hundred Finance,Token Treasury,2023-03-23 09:03:20.000 UTC,2023-01-11 13:14:49.000 UTC,0.0,72010.0,0.0,0.0,0.0,Hundred Finance,2023-11-28 12:09:48.117307+00:00
Other,Other,Other,2023-08-25 06:16:57.000 UTC,2022-11-28 12:22:16.000 UTC,153147.67238663923,10625.0,0.0,0.0,0.0,Hundred Finance,2023-11-28 12:09:48.117307+00:00
OP Foundation,OP Foundation Wallet,OP Foundation Grants,2022-08-26 08:28:32.000 UTC,2022-08-26 08:28:32.000 UTC,0.0,0.0,0.0,0.0,300000.0,Hundred Finance,2023-11-28 12:09:48.117307+00:00
Project,Hundred Finance,Season 1,2023-04-18 08:41:52.000 UTC,2023-04-18 08:41:52.000 UTC,0.0,-6000.0,0.0,0.0,0.0,Hundred Finance,2023-11-28 12:09:48.117307+00:00
Other,Other,Other,2023-11-08 10:18:51.000 UTC,2023-10-09 10:29:41.000 UTC,10521.455277330002,10521.455277330002,0.0,0.0,0.0,Idle,2023-11-28 12:09:48.117307+00:00
Project,Clearpool Finance,Season 4,2023-11-08 01:10:13.000 UTC,2023-11-01 05:18:37.000 UTC,0.0,0.0,4344.72275312716,0.0,0.0,Idle,2023-11-28 12:09:48.117307+00:00
OP Foundation,OP Foundation Sentry Wallet,OP Foundation Grants,2023-10-02 10:39:35.000 UTC,2023-10-02 10:39:35.000 UTC,0.0,0.0,0.0,0.0,60000.0,Idle,2023-11-28 12:09:48.117307+00:00
OP Foundation,OP Foundation Wallet,OP Foundation Grants,2023-04-19 10:49:58.000 UTC,2023-04-19 10:49:58.000 UTC,0.0,0.0,0.0,0.0,99999.99999999999,InsureDAO,2023-11-28 12:09:48.117307+00:00
Other,Other,Other,2023-04-21 04:04:48.000 UTC,2023-04-21 04:04:48.000 UTC,18994.87,18994.87,0.0,0.0,0.0,JiffyScan,2023-11-28 12:09:48.117307+00:00
OP Foundation,OP Foundation Sentry Wallet,OP Foundation Grants,2023-04-21 04:03:18.000 UTC,2023-04-21 04:03:18.000 UTC,0.0,0.0,0.0,0.0,18994.87,JiffyScan,2023-11-28 12:09:48.117307+00:00
"Project,Deployed","Karma Grantee Accountability Platform,Karma","Season 4,Karma - Grant",2023-11-16 20:54:47.000 UTC,2023-02-13 02:20:28.000 UTC,0.0,26103.098276487013,0.0,26103.098276487013,0.0,Karma,2023-11-28 12:09:48.117307+00:00
Other,Other,Other,2022-12-15 07:01:35.000 UTC,2022-12-15 07:01:35.000 UTC,2500.0,2500.0,0.0,0.0,0.0,Karma,2023-11-28 12:09:48.117307+00:00
OP Foundation,OP Foundation Wallet,OP Foundation Grants,2023-09-18 18:10:17.000 UTC,2022-12-15 06:59:05.000 UTC,0.0,0.0,0.0,0.0,28047.172250647876,Karma,2023-11-28 12:09:48.117307+00:00
Other,Other,Other,2023-04-19 16:38:58.000 UTC,2023-04-19 16:38:58.000 UTC,0.92,0.0,0.0,0.0,0.0,Karma - Karma Grantee Accountability Platform,2023-11-28 12:09:48.117307+00:00
Project,Karma,"Season 3,Season 2",2023-11-16 20:54:47.000 UTC,2023-02-13 02:20:28.000 UTC,0.0,0.0,26103.098276487013,0.0,0.0,Karma Grantee Accountability Platform - Karma,2023-11-28 12:09:48.117307+00:00
Other,Other,Other,2023-10-31 17:37:39.000 UTC,2023-01-19 04:01:18.000 UTC,87079.69623280823,87079.69623280823,0.0,0.0,0.0,Katie Garcia,2023-11-28 12:09:48.117307+00:00
OP Foundation,OP Foundation Wallet,OP Foundation Grants,2023-09-18 18:09:41.000 UTC,2022-12-06 19:56:05.000 UTC,0.0,0.0,0.0,0.0,27807.86245390774,Katie Garcia,2023-11-28 12:09:48.117307+00:00
OP Foundation,OP Foundation Sentry Wallet,OP Foundation Grants,2023-10-31 17:22:31.000 UTC,2023-04-19 18:48:39.000 UTC,0.0,0.0,0.0,0.0,59000.0,Katie Garcia,2023-11-28 12:09:48.117307+00:00
Other,Other,Other,2023-10-31 20:52:53.000 UTC,2023-05-03 20:25:42.000 UTC,178539.1,178539.1,0.0,0.0,0.0,Kromatika,2023-11-28 12:09:48.117307+00:00
OP Foundation,OP Foundation Wallet,OP Foundation Grants,2022-11-06 17:07:30.000 UTC,2022-11-06 17:07:30.000 UTC,0.0,0.0,0.0,0.0,300000.0,Kromatika,2023-11-28 12:09:48.117307+00:00
Other,Other,Other,2023-09-19 08:27:19.000 UTC,2023-03-21 14:08:09.000 UTC,108319.0,108319.0,0.0,0.0,0.0,Krzysztof Urbański,2023-11-28 12:09:48.117307+00:00
OP Foundation,OP Foundation Sentry Wallet,OP Foundation Grants,2023-09-07 09:02:33.000 UTC,2023-04-19 18:48:39.000 UTC,0.0,0.0,0.0,0.0,292961.36,Krzysztof Urbański,2023-11-28 12:09:48.117307+00:00
OP Foundation,OP Foundation Wallet,OP Foundation Grants,2023-09-18 18:09:05.000 UTC,2023-02-27 19:02:43.000 UTC,0.0,0.0,0.0,0.0,31652.0,Krzysztof Urbański,2023-11-28 12:09:48.117307+00:00
Other,Other,Other,2023-11-28 10:18:11.000 UTC,2022-08-16 20:36:40.000 UTC,5092665.147366729,0.0,0.0,0.0,0.0,Kwenta,2023-11-28 12:09:48.117307+00:00
Deployed,Kwenta,Distributor,2023-04-25 11:57:30.000 UTC,2022-08-15 19:31:21.000 UTC,0.0,911570.0,0.0,0.0,0.0,Kwenta - Kwenta Referral Program,2023-11-28 12:09:48.117307+00:00
Other,Other,Other,2022-07-11 22:11:36.000 UTC,2022-07-11 22:11:36.000 UTC,1.0,1.0,0.0,0.0,0.0,Kwenta - Kwenta Referral Program,2023-11-28 12:09:48.117307+00:00
OP Foundation,OP Foundation Wallet,OP Foundation Grants,2022-07-15 14:58:43.000 UTC,2022-07-15 14:58:43.000 UTC,0.0,0.0,0.0,0.0,900000.0,Kwenta - Kwenta Referral Program,2023-11-28 12:09:48.117307+00:00
Project,Polynomial Protocol,Phase 0,2022-08-15 07:49:57.000 UTC,2022-08-15 07:49:57.000 UTC,0.0,0.0,11570.0,0.0,0.0,Kwenta - Kwenta Referral Program,2023-11-28 12:09:48.117307+00:00
Other,Other,Other,2023-06-12 11:27:37.000 UTC,2022-11-20 07:09:11.000 UTC,78408.10950235506,78408.10950235506,0.0,0.0,0.0,KyberSwap - QiDao,2023-11-28 12:09:48.117307+00:00
Project,Kyberswap,KyberDAO Multisig,2023-06-27 10:53:49.000 UTC,2023-06-27 10:53:49.000 UTC,0.0,69938.0,0.0,69938.0,0.0,KyberSwap - QiDao,2023-11-28 12:09:48.117307+00:00
Project,Lido,Intermediate Wallet,2023-04-26 17:27:35.000 UTC,2023-04-26 17:27:35.000 UTC,0.0,12000.0,0.0,12000.0,0.0,KyberSwap - QiDao,2023-11-28 12:09:48.117307+00:00
Other,Other,Other,2023-10-30 11:53:17.000 UTC,2023-06-27 10:55:17.000 UTC,99250.0,99250.0,0.0,0.0,0.0,Kyberswap,2023-11-28 12:09:48.117307+00:00
Project,"KyberSwap,QiDao","Season 3,Intermediate",2023-06-27 10:53:49.000 UTC,2023-06-27 10:53:49.000 UTC,0.0,0.0,69938.0,0.0,0.0,Kyberswap,2023-11-28 12:09:48.117307+00:00
OP Foundation,OP Foundation Sentry Wallet,OP Foundation Grants,2023-08-24 07:00:21.000 UTC,2023-08-24 07:00:21.000 UTC,0.0,0.0,0.0,0.0,150000.0,Kyberswap,2023-11-28 12:09:48.117307+00:00
Deployed,Lyra Finance,Distributor,2023-11-27 00:46:35.000 UTC,2022-08-17 00:59:25.000 UTC,0.0,1848510.3185547597,0.0,0.0,0.0,LYRA V2 - Lyra Finance,2023-11-28 12:09:48.117307+00:00
Other,Other,Other,2023-04-12 04:48:39.000 UTC,2022-08-28 22:42:18.000 UTC,228571.87422748824,228571.87422748824,0.0,0.0,0.0,LYRA V2 - Lyra Finance,2023-11-28 12:09:48.117307+00:00
Project,Lyra Finance,Lyra Grants DAO,2023-02-17 00:49:35.000 UTC,2022-11-02 22:40:07.000 UTC,0.0,140000.0,0.0,140000.0,0.0,LYRA V2 - Lyra Finance,2023-11-28 12:09:48.117307+00:00
Other,Other,Other,2023-11-01 07:28:51.000 UTC,2022-07-25 08:32:05.000 UTC,717.8834604600783,717.8834604600783,0.0,0.0,0.0,Latruite.eth - Latruite.eth: Create and maintain the ‘Optimism Vision Reservoir’,2023-11-28 12:09:48.117307+00:00
OP Foundation,OP Foundation Wallet,OP Foundation Grants,2023-09-18 18:30:53.000 UTC,2023-02-09 19:54:59.000 UTC,0.0,0.0,0.0,0.0,159.22470790591933,Latruite.eth: Create and maintain the ‘Optimism Vision Reservoir’ - Latruite.eth,2023-11-28 12:09:48.117307+00:00
Project,Layer2dao,Phase 0,2023-04-13 15:57:27.000 UTC,2022-11-03 02:33:10.000 UTC,0.0,0.0,148.16660543999998,0.0,0.0,Latruite.eth: Create and maintain the ‘Optimism Vision Reservoir’ - Latruite.eth,2023-11-28 12:09:48.117307+00:00
Project,Quix,Distributor,2022-12-18 12:05:53.000 UTC,2022-10-05 06:15:39.000 UTC,0.0,0.0,2.9846191417695556,0.0,0.0,Latruite.eth: Create and maintain the ‘Optimism Vision Reservoir’ - Latruite.eth,2023-11-28 12:09:48.117307+00:00
Project,OptiChads,Intermediate,2023-06-02 14:50:37.000 UTC,2022-12-04 20:05:58.000 UTC,0.0,0.0,10.5,0.0,0.0,Latruite.eth: Create and maintain the ‘Optimism Vision Reservoir’ - Latruite.eth,2023-11-28 12:09:48.117307+00:00
Project,The Optimistic Series,Season 3,2023-06-07 20:58:07.000 UTC,2023-06-07 20:58:07.000 UTC,0.0,0.0,25.0,0.0,0.0,Latruite.eth: Create and maintain the ‘Optimism Vision Reservoir’ - Latruite.eth,2023-11-28 12:09:48.117307+00:00
Other,Other,Other,2023-11-16 21:53:23.000 UTC,2022-07-07 23:48:44.000 UTC,627071.215317854,608467.4888180654,0.0,0.0,0.0,Layer2dao,2023-11-28 12:09:48.117307+00:00
Project,Socket,Season 2,2022-11-30 16:44:26.000 UTC,2022-11-30 16:44:26.000 UTC,0.0,27500.0,0.0,27500.0,0.0,Layer2dao,2023-11-28 12:09:48.117307+00:00
Project,Thales,"Season 3,Phase 0,Season 2",2022-09-06 19:17:37.000 UTC,2022-09-06 19:17:37.000 UTC,0.0,27500.0,0.0,27500.0,0.0,Layer2dao,2023-11-28 12:09:48.117307+00:00
Project,"Velodrome: Fostering Inclusive Governance through Leading Optimism Builders and Long-term Users,Velodrome: Spread Awareness Through Direct Outreach and Onboarding,Velodrome,Velodrome Finance","Season 4 - Mission,Season 4,Intermediate,Season 2",2022-08-15 06:37:33.000 UTC,2022-07-19 04:10:24.000 UTC,0.0,24000.0,0.0,24000.0,0.0,Layer2dao,2023-11-28 12:09:48.117307+00:00
Deployed,Layer2dao,L2DAO/OP: Velodrome,2022-09-11 19:55:47.000 UTC,2022-08-22 20:52:41.000 UTC,0.0,14000.0,0.0,0.0,0.0,Layer2dao,2023-11-28 12:09:48.117307+00:00
Project,"Latruite.eth: Create and maintain the ‘Optimism Vision Reservoir’,Latruite.eth","Season 4 - Mission,Season 4",2023-04-13 15:57:27.000 UTC,2022-11-03 02:33:10.000 UTC,0.0,148.16660543999998,0.0,148.16660543999998,0.0,Layer2dao,2023-11-28 12:09:48.117307+00:00
OP Foundation,OP Foundation Wallet,OP Foundation Grants,2023-09-18 18:17:37.000 UTC,2022-07-08 21:22:57.000 UTC,0.0,0.0,0.0,0.0,301271.20868142525,Layer2dao,2023-11-28 12:09:48.117307+00:00
Project,Velodrome,Intermediate Disperser,2022-08-18 18:10:47.000 UTC,2022-07-28 17:23:14.000 UTC,0.0,0.0,1557.3300000000002,0.0,0.0,Layer2dao,2023-11-28 12:09:48.117307+00:00
Project,Layer2dao,Phase 0,2022-09-15 05:19:06.000 UTC,2022-08-29 03:57:48.000 UTC,0.0,-870.5601645156783,0.0,0.0,0.0,Layer2dao,2023-11-28 12:09:48.117307+00:00
Other,Other,Other,2023-09-11 10:55:51.000 UTC,2023-05-22 11:46:39.000 UTC,62323.336559885916,62323.336559885916,0.0,0.0,0.0,Layerswap,2023-11-28 12:09:48.117307+00:00
OP Foundation,OP Foundation Sentry Wallet,OP Foundation Grants,2023-08-17 11:07:01.000 UTC,2023-08-17 11:07:01.000 UTC,0.0,0.0,0.0,0.0,57999.99999999999,Layerswap,2023-11-28 12:09:48.117307+00:00
Other,Other,Other,2023-10-22 07:48:11.000 UTC,2022-12-29 20:02:39.000 UTC,78572.0,78572.0,0.0,0.0,0.0,LiFi,2023-11-28 12:09:48.117307+00:00
Project,Polynomial Protocol,Phase 0,2022-08-15 07:49:57.000 UTC,2022-08-15 07:49:57.000 UTC,0.0,0.0,11570.0,0.0,0.0,LiFi,2023-11-28 12:09:48.117307+00:00
OP Foundation,OP Foundation Wallet,OP Foundation Grants,2023-10-12 09:07:49.000 UTC,2022-11-30 20:32:11.000 UTC,0.0,0.0,0.0,0.0,199999.99999999997,LiFi,2023-11-28 12:09:48.117307+00:00
Other,Other,Other,2023-11-22 07:46:53.000 UTC,2023-01-26 00:01:20.000 UTC,357934.05948852777,205439.0,0.0,0.0,0.0,Lido,2023-11-28 12:09:48.117307+00:00
Deployed,Lido,wstETHCRV: Curve,2023-07-03 10:58:17.000 UTC,2023-04-14 08:04:32.000 UTC,0.0,42000.0,0.0,0.0,0.0,Lido,2023-11-28 12:09:48.117307+00:00
Project,Arrakis Finance,Uniswap Grants,2023-11-08 08:54:17.000 UTC,2023-09-08 15:20:09.000 UTC,0.0,39615.0,0.0,39615.0,0.0,Lido,2023-11-28 12:09:48.117307+00:00
Deployed,Lido,wstETH/OP: Velodrome,2023-06-20 15:14:09.000 UTC,2023-04-07 12:22:33.000 UTC,0.0,39500.0,0.0,0.0,0.0,Lido,2023-11-28 12:09:48.117307+00:00
Deployed,Lido,wstETH/WETH: Velodrome,2023-06-20 15:14:09.000 UTC,2023-04-07 12:22:33.000 UTC,0.0,38000.0,0.0,0.0,0.0,Lido,2023-11-28 12:09:48.117307+00:00
Project,"QiDao,KyberSwap","Intermediate,Season 3",2023-06-20 15:14:09.000 UTC,2023-04-07 09:44:41.000 UTC,0.0,27000.0,0.0,27000.0,0.0,Lido,2023-11-28 12:09:48.117307+00:00
Project,"Beefy Finance,Beefy - Universal Zap","Season 1,Season 4",2023-09-11 15:02:31.000 UTC,2023-04-07 09:44:41.000 UTC,0.0,22000.0,0.0,22000.0,0.0,Lido,2023-11-28 12:09:48.117307+00:00
Project,Synthetix,Multisig,2023-09-11 15:02:31.000 UTC,2023-06-27 09:36:07.000 UTC,0.0,13692.0,0.0,13692.0,0.0,Lido,2023-11-28 12:09:48.117307+00:00
Project,QiDao,Season 1,2023-06-20 15:14:09.000 UTC,2023-04-07 09:44:41.000 UTC,0.0,9000.0,0.0,9000.0,0.0,Lido,2023-11-28 12:09:48.117307+00:00
Deployed,Lido,wstETH/USDC: Velodrome,2023-04-25 22:53:49.000 UTC,2023-04-07 12:22:33.000 UTC,0.0,6000.0,0.0,0.0,0.0,Lido,2023-11-28 12:09:48.117307+00:00
Project,Beethoven X,Season 1,2023-04-07 09:44:41.000 UTC,2023-04-07 09:44:41.000 UTC,0.0,6000.0,0.0,6000.0,0.0,Lido,2023-11-28 12:09:48.117307+00:00
Deployed,Exactly,Distributor Multisig,2023-06-27 09:36:07.000 UTC,2023-06-27 09:36:07.000 UTC,0.0,3000.0,0.0,0.0,0.0,Lido,2023-11-28 12:09:48.117307+00:00
OP Foundation,OP Foundation Wallet,OP Foundation Grants,2023-03-03 17:51:51.000 UTC,2023-03-03 17:51:51.000 UTC,0.0,0.0,0.0,0.0,1000000.0,Lido,2023-11-28 12:09:48.117307+00:00
Project,"KyberSwap,QiDao","Season 3,Intermediate",2023-04-26 17:27:35.000 UTC,2023-04-26 17:27:35.000 UTC,0.0,0.0,12000.0,0.0,0.0,Lido,2023-11-28 12:09:48.117307+00:00
OP Foundation,OP Foundation Wallet,OP Foundation Grants,2023-09-18 18:09:41.000 UTC,2023-02-09 19:53:39.000 UTC,0.0,0.0,0.0,0.0,6411.212185477164,LimeChain - LimeChain: Extend the L1Block contract to store historical block hash da,2023-11-28 12:09:48.117307+00:00
Other,Other,Other,2023-09-10 22:11:47.000 UTC,2023-09-10 22:11:47.000 UTC,8.96744265338805,8.96744265338805,0.0,0.0,0.0,Liquid Resilience,2023-11-28 12:09:48.117307+00:00
Other,Other,Other,2023-10-27 12:02:07.000 UTC,2023-10-27 12:02:07.000 UTC,30000.0,30000.0,0.0,0.0,0.0,Liquity,2023-11-28 12:09:48.117307+00:00
OP Foundation,OP Foundation Sentry Wallet,OP Foundation Grants,2023-10-25 11:44:39.000 UTC,2023-10-25 11:44:39.000 UTC,0.0,0.0,0.0,0.0,60000.0,Liquity,2023-11-28 12:09:48.117307+00:00
Project,"Lyra Finance,LYRA V2","Intermediate,Season 4",2023-01-21 08:53:24.000 UTC,2022-08-16 23:19:11.000 UTC,0.0,3077853.283617123,0.0,3077853.283617123,0.0,Lyra Finance,2023-11-28 12:09:48.117307+00:00
Other,Other,Other,2023-11-28 09:42:29.000 UTC,2022-07-10 04:47:32.000 UTC,1393879.1002802043,100016.0554932404,0.0,0.0,0.0,Lyra Finance,2023-11-28 12:09:48.117307+00:00
Project,Polynomial Protocol,Phase 0,2022-11-06 14:02:37.000 UTC,2022-11-06 14:02:37.000 UTC,0.0,36000.0,0.0,36000.0,0.0,Lyra Finance,2023-11-28 12:09:48.117307+00:00
Project,"LYRA V2,Lyra Finance","Season 4,Intermediate",2023-02-17 00:49:35.000 UTC,2022-11-02 22:40:07.000 UTC,0.0,0.0,140000.0,0.0,0.0,Lyra Finance,2023-11-28 12:09:48.117307+00:00
OP Foundation,OP Foundation Wallet,OP Foundation Grants,2022-07-20 02:42:01.000 UTC,2022-07-20 02:42:01.000 UTC,0.0,0.0,0.0,0.0,3000000.0,Lyra Finance,2023-11-28 12:09:48.117307+00:00
Project,Polynomial Protocol,Phase 0,2022-08-15 07:49:57.000 UTC,2022-08-03 06:59:10.000 UTC,0.0,0.0,83570.0,0.0,0.0,Lyra Finance,2023-11-28 12:09:48.117307+00:00
Project,Lyra Finance,Lyra Grants DAO,2023-01-21 08:53:24.000 UTC,2023-01-21 08:53:24.000 UTC,0.0,0.0,7500.0,0.0,0.0,Lyra Finance - LYRA V2,2023-11-28 12:09:48.117307+00:00
Project,Synthetix,Multisig - Maybe Grants,2023-01-11 03:04:49.000 UTC,2023-01-11 03:04:49.000 UTC,0.0,0.0,149600.0,0.0,0.0,Lyra Finance - LYRA V2,2023-11-28 12:09:48.117307+00:00
Project,Lyra Finance,Phase 0,2022-08-17 00:09:27.000 UTC,2022-08-16 23:19:11.000 UTC,0.0,0.0,3070353.283617123,0.0,0.0,Lyra Finance - LYRA V2,2023-11-28 12:09:48.117307+00:00
Project,Synthetix,Multisig,2023-10-17 23:06:15.000 UTC,2023-06-20 23:27:31.000 UTC,0.0,0.0,11970.974409980445,0.0,0.0,Lyra Finance - LYRA V2,2023-11-28 12:09:48.117307+00:00
Project,Velodrome,Intermediate Disperser,2022-07-28 19:09:57.000 UTC,2022-07-28 19:09:57.000 UTC,0.0,0.0,5305.409,0.0,0.0,Lyra Finance - LYRA V2,2023-11-28 12:09:48.117307+00:00
Project,Synthetix,Phase 0,2023-02-24 09:02:42.000 UTC,2023-02-24 09:02:42.000 UTC,0.0,0.0,19300.0,0.0,0.0,Lyra Finance - LYRA V2,2023-11-28 12:09:48.117307+00:00
Other,Other,Other,2023-10-06 15:56:23.000 UTC,2023-08-30 17:58:49.000 UTC,33333.0,33333.0,0.0,0.0,0.0,Matt L,2023-11-28 12:09:48.117307+00:00
OP Foundation,OP Foundation Sentry Wallet,OP Foundation Grants,2023-10-06 14:24:21.000 UTC,2023-08-30 17:47:51.000 UTC,0.0,0.0,0.0,0.0,33333.0,Matt L,2023-11-28 12:09:48.117307+00:00
Other,Other,Other,2023-05-29 17:08:55.000 UTC,2022-07-25 17:50:09.000 UTC,34645.02853434353,34645.02853434353,0.0,0.0,0.0,Mean Finance,2023-11-28 12:09:48.117307+00:00
OP Foundation,OP Foundation Wallet,OP Foundation Grants,2022-10-19 17:18:22.000 UTC,2022-10-19 17:18:22.000 UTC,0.0,0.0,0.0,0.0,300000.0,Mean Finance,2023-11-28 12:09:48.117307+00:00
Other,Other,Other,2023-11-28 07:53:05.000 UTC,2023-05-31 18:23:14.000 UTC,23504.836376113926,23504.836376113926,0.0,0.0,0.0,Metalswap,2023-11-28 12:09:48.117307+00:00
OP Foundation,OP Foundation Sentry Wallet,OP Foundation Grants,2023-11-14 08:38:11.000 UTC,2023-05-23 09:42:19.000 UTC,0.0,0.0,0.0,0.0,30000.0,Metalswap,2023-11-28 12:09:48.117307+00:00
Other,Other,Other,2023-10-19 18:16:35.000 UTC,2023-09-15 17:14:23.000 UTC,59599.99999999999,59599.99999999999,0.0,0.0,0.0,Metronome,2023-11-28 12:09:48.117307+00:00
OP Foundation,OP Foundation Sentry Wallet,OP Foundation Grants,2023-09-15 16:22:21.000 UTC,2023-09-15 16:22:21.000 UTC,0.0,0.0,0.0,0.0,59599.99999999999,Metronome,2023-11-28 12:09:48.117307+00:00
OP Foundation,OP Foundation Wallet,OP Foundation Grants,2023-09-18 18:09:41.000 UTC,2022-12-06 19:56:05.000 UTC,0.0,0.0,0.0,0.0,18834.293282941348,Michael Vander Meiden -  The RetroPGF Podcast -  OPdelegate.com - The RetroPGF Podcast - Michael Vander Meiden - OPdelegate.com ,2023-11-28 12:09:48.117307+00:00
OP Foundation,OP Foundation Sentry Wallet,OP Foundation Grants,2023-10-27 04:06:17.000 UTC,2023-04-19 18:48:39.000 UTC,0.0,0.0,0.0,0.0,107338.4,Michael Vander Meiden -  The RetroPGF Podcast -  OPdelegate.com - The RetroPGF Podcast - Michael Vander Meiden - OPdelegate.com ,2023-11-28 12:09:48.117307+00:00
Other,Other,Other,2023-10-27 15:10:39.000 UTC,2023-01-07 14:23:47.000 UTC,122503.15904508079,122503.15904508079,0.0,0.0,0.0,Michael Vander Meiden - Michael Vander Meiden -  The RetroPGF Podcast -  OPdelegate.com - The RetroPGF Podcast - OPdelegate.com ,2023-11-28 12:09:48.117307+00:00
Other,Other,Other,2023-10-22 17:35:55.000 UTC,2023-03-21 14:30:59.000 UTC,57239.870281705,57239.870281705,0.0,0.0,0.0,Mochi,2023-11-28 12:09:48.117307+00:00
OP Foundation,OP Foundation Wallet,OP Foundation Grants,2023-01-02 15:47:47.000 UTC,2023-01-02 15:47:47.000 UTC,0.0,0.0,0.0,0.0,99999.99999999999,Mochi,2023-11-28 12:09:48.117307+00:00
OP Foundation,OP Foundation Sentry Wallet,OP Foundation Grants,2023-10-06 03:11:53.000 UTC,2023-10-06 03:11:53.000 UTC,0.0,0.0,0.0,0.0,14000.0,Mutual,2023-11-28 12:09:48.117307+00:00
Other,Other,Other,2023-11-26 18:49:17.000 UTC,2023-01-07 04:25:41.000 UTC,115399.52742592467,0.0,0.0,0.0,0.0,Mux,2023-11-28 12:09:48.117307+00:00
Other,Other,Other,2023-06-22 08:52:41.000 UTC,2022-08-05 13:33:40.000 UTC,40776.86736208044,40776.86736208044,0.0,0.0,0.0,Nested,2023-11-28 12:09:48.117307+00:00
OP Foundation,OP Foundation Sentry Wallet,OP Foundation Grants,2023-09-14 14:32:57.000 UTC,2023-05-11 18:23:44.000 UTC,0.0,0.0,0.0,0.0,250000.0,Nested,2023-11-28 12:09:48.117307+00:00
OP Foundation,OP Foundation Wallet,OP Foundation Grants,2023-09-18 18:09:05.000 UTC,2023-02-09 19:07:04.000 UTC,0.0,0.0,0.0,0.0,10125.00535912077,Nested,2023-11-28 12:09:48.117307+00:00
OP Foundation,OP Foundation Wallet,OP Foundation Grants,2022-09-12 17:34:15.000 UTC,2022-09-12 17:34:15.000 UTC,0.0,0.0,0.0,0.0,181804.0,OKX,2023-11-28 12:09:48.117307+00:00
Other,Other,Other,2023-11-27 17:18:59.000 UTC,2023-04-19 18:48:39.000 UTC,18200980.0253266,18200980.0253266,0.0,0.0,0.0,OP Foundation Sentry Wallet,2023-11-28 12:09:48.117307+00:00
Deployed,Arrakis Finance,Partner Fund,2023-05-03 17:11:35.000 UTC,2023-04-24 16:17:36.000 UTC,0.0,112500.0,0.0,0.0,0.0,OP Foundation Sentry Wallet,2023-11-28 12:09:48.117307+00:00
"Project,Deployed",Op Podcast NFTs,"Season 4,Distributor",2023-10-27 17:38:27.000 UTC,2023-08-09 22:39:35.000 UTC,0.0,9200.0,0.0,0.0,0.0,OP Foundation Sentry Wallet,2023-11-28 12:09:48.117307+00:00
Project,Idle,Season 4,2023-10-02 10:39:35.000 UTC,2023-10-02 10:39:35.000 UTC,0.0,0.0,0.0,0.0,0.0,OP Foundation Sentry Wallet,2023-11-28 12:09:48.117307+00:00
Project,Metronome,Season 4,2023-09-15 16:22:21.000 UTC,2023-09-15 16:22:21.000 UTC,0.0,0.0,0.0,0.0,0.0,OP Foundation Sentry Wallet,2023-11-28 12:09:48.117307+00:00
Project,Across Protocol,Season 2,2023-08-29 18:09:45.000 UTC,2023-08-29 18:09:45.000 UTC,0.0,0.0,0.0,0.0,0.0,OP Foundation Sentry Wallet,2023-11-28 12:09:48.117307+00:00
Project,"Ethereum Mexico: Rumbo optimista: hacia Ethereum Mexico,Ethereum Mexico","Season 4 - Mission,Season 4",2023-06-22 15:30:25.000 UTC,2023-06-22 15:30:25.000 UTC,0.0,0.0,0.0,0.0,0.0,OP Foundation Sentry Wallet,2023-11-28 12:09:48.117307+00:00
Project,Sugma.eth,Season 4,2023-11-07 02:49:05.000 UTC,2023-04-19 18:48:39.000 UTC,0.0,0.0,0.0,0.0,0.0,OP Foundation Sentry Wallet,2023-11-28 12:09:48.117307+00:00
"Project,RetroPGF",Attestation Station Interface,"Season 3,RetroPGF - Round #2",2023-04-20 21:35:49.000 UTC,2023-04-20 21:35:49.000 UTC,0.0,0.0,0.0,0.0,0.0,OP Foundation Sentry Wallet,2023-11-28 12:09:48.117307+00:00
Project,"GFX (PaperImperium),Interest Protocol","Season 4,Season 2",2023-10-19 14:56:23.000 UTC,2023-04-19 18:48:39.000 UTC,0.0,0.0,0.0,0.0,0.0,OP Foundation Sentry Wallet,2023-11-28 12:09:48.117307+00:00
Project,OmniBTC,Season 4,2023-11-16 06:08:53.000 UTC,2023-08-24 02:20:43.000 UTC,0.0,0.0,0.0,0.0,0.0,OP Foundation Sentry Wallet,2023-11-28 12:09:48.117307+00:00
Project,Bankless Academy,Season 2,2023-04-20 19:37:54.000 UTC,2023-04-20 19:37:54.000 UTC,0.0,0.0,0.0,0.0,0.0,OP Foundation Sentry Wallet,2023-11-28 12:09:48.117307+00:00
"RetroPGF,Project",Atlantis World,"RetroPGF - Round #2,Season 4",2023-05-04 07:20:39.000 UTC,2023-05-04 07:20:39.000 UTC,0.0,0.0,0.0,0.0,0.0,OP Foundation Sentry Wallet,2023-11-28 12:09:48.117307+00:00
Project,Tide Protocol,Season 4,2023-08-31 07:46:59.000 UTC,2023-08-31 07:46:59.000 UTC,0.0,0.0,0.0,0.0,0.0,OP Foundation Sentry Wallet,2023-11-28 12:09:48.117307+00:00
Project,"Pairwise: Tinder UX for web3 community signaling,Pairwise","Season 4 - Mission,Season 4",2023-06-09 13:09:17.000 UTC,2023-06-09 13:09:17.000 UTC,0.0,0.0,0.0,0.0,0.0,OP Foundation Sentry Wallet,2023-11-28 12:09:48.117307+00:00
Project,Gelato,Phase 0,2023-06-20 07:29:11.000 UTC,2023-06-20 07:29:11.000 UTC,0.0,0.0,0.0,0.0,0.0,OP Foundation Sentry Wallet,2023-11-28 12:09:48.117307+00:00
Project,Clique,Season 4,2023-08-30 19:29:55.000 UTC,2023-08-30 19:29:55.000 UTC,0.0,0.0,0.0,0.0,0.0,OP Foundation Sentry Wallet,2023-11-28 12:09:48.117307+00:00
Project,Clearpool Finance,Season 4,2023-09-08 03:18:01.000 UTC,2023-09-08 03:18:01.000 UTC,0.0,0.0,0.0,0.0,0.0,OP Foundation Sentry Wallet,2023-11-28 12:09:48.117307+00:00
Project,Octav,Season 4,2023-09-07 15:18:19.000 UTC,2023-09-07 15:18:19.000 UTC,0.0,0.0,0.0,0.0,0.0,OP Foundation Sentry Wallet,2023-11-28 12:09:48.117307+00:00
Project,Aura Finance,Season 4,2023-09-04 14:00:57.000 UTC,2023-09-04 14:00:57.000 UTC,0.0,0.0,0.0,0.0,0.0,OP Foundation Sentry Wallet,2023-11-28 12:09:48.117307+00:00
Project,ShapeShift,Season 3,2023-08-01 18:16:45.000 UTC,2023-05-16 13:38:50.000 UTC,0.0,0.0,0.0,0.0,0.0,OP Foundation Sentry Wallet,2023-11-28 12:09:48.117307+00:00
Project,"H.E.R., LatAm,H.E.R., LatAm: Optimistic Womxn Shinning in Blockchain","Season 4,Season 4 - Mission",2023-06-24 13:41:17.000 UTC,2023-06-23 16:58:45.000 UTC,0.0,0.0,0.0,0.0,0.0,OP Foundation Sentry Wallet,2023-11-28 12:09:48.117307+00:00
Project,Kyberswap,KyberDAO Multisig,2023-08-24 07:00:21.000 UTC,2023-08-24 07:00:21.000 UTC,0.0,0.0,0.0,0.0,0.0,OP Foundation Sentry Wallet,2023-11-28 12:09:48.117307+00:00
Project,Candide Wallet,Intermediate,2023-05-07 19:03:26.000 UTC,2023-05-07 18:52:27.000 UTC,0.0,0.0,0.0,0.0,0.0,OP Foundation Sentry Wallet,2023-11-28 12:09:48.117307+00:00
Project,Nested,Season 3,2023-09-14 14:32:57.000 UTC,2023-05-11 18:23:44.000 UTC,0.0,0.0,0.0,0.0,0.0,OP Foundation Sentry Wallet,2023-11-28 12:09:48.117307+00:00
Project,Katie Garcia,Season 4,2023-10-31 17:22:31.000 UTC,2023-04-19 18:48:39.000 UTC,0.0,0.0,0.0,0.0,0.0,OP Foundation Sentry Wallet,2023-11-28 12:09:48.117307+00:00
Project,EthernautDAO,Season 2,2023-06-26 18:46:17.000 UTC,2023-06-26 18:46:17.000 UTC,0.0,0.0,0.0,0.0,0.0,OP Foundation Sentry Wallet,2023-11-28 12:09:48.117307+00:00
Project,Rabbithole,Season 3,2023-06-23 13:17:21.000 UTC,2023-05-03 19:52:06.000 UTC,0.0,0.0,0.0,0.0,0.0,OP Foundation Sentry Wallet,2023-11-28 12:09:48.117307+00:00
Project,"Espacio Cripto,Espacio Cripto: Let’s take the Optimistic Vision to LATAM","Season 4,Season 4 - Mission",2023-05-25 17:16:47.000 UTC,2023-05-25 17:16:47.000 UTC,0.0,0.0,0.0,0.0,0.0,OP Foundation Sentry Wallet,2023-11-28 12:09:48.117307+00:00
Project,PoolTogether,"Partner Fund,Season 2",2023-05-04 16:38:12.000 UTC,2023-05-04 16:38:12.000 UTC,0.0,0.0,0.0,0.0,0.0,OP Foundation Sentry Wallet,2023-11-28 12:09:48.117307+00:00
"Project,RetroPGF",WakeUp Labs,"Season 4,RetroPGF - Round #2",2023-05-18 18:07:44.000 UTC,2023-05-18 18:07:44.000 UTC,0.0,0.0,0.0,0.0,0.0,OP Foundation Sentry Wallet,2023-11-28 12:09:48.117307+00:00
"RetroPGF,Project","rotki,Rotki","RetroPGF - Round #2,Season 3,Season 1",2023-05-03 17:11:05.000 UTC,2023-04-22 09:07:12.000 UTC,0.0,0.0,0.0,0.0,0.0,OP Foundation Sentry Wallet,2023-11-28 12:09:48.117307+00:00
Project,dForce,"Season 1,Season 3",2023-08-05 22:31:23.000 UTC,2023-05-21 14:49:42.000 UTC,0.0,0.0,0.0,0.0,0.0,OP Foundation Sentry Wallet,2023-11-28 12:09:48.117307+00:00
Project,Paytrie,Season 3,2023-05-17 19:09:49.000 UTC,2023-05-17 19:09:49.000 UTC,0.0,0.0,0.0,0.0,0.0,OP Foundation Sentry Wallet,2023-11-28 12:09:48.117307+00:00
Project,"Praise: Improving Governance Accessibility through Contribution Based Attestations,Praise","Season 4 - Mission,Season 4",2023-04-28 05:37:37.000 UTC,2023-04-28 05:37:37.000 UTC,0.0,0.0,0.0,0.0,0.0,OP Foundation Sentry Wallet,2023-11-28 12:09:48.117307+00:00
Project,Layerswap,Season 4,2023-08-17 11:07:01.000 UTC,2023-08-17 11:07:01.000 UTC,0.0,0.0,0.0,0.0,0.0,OP Foundation Sentry Wallet,2023-11-28 12:09:48.117307+00:00
Project,Exactly,Partner Fund,2023-08-17 12:51:29.000 UTC,2023-05-05 14:54:03.000 UTC,0.0,0.0,0.0,0.0,0.0,OP Foundation Sentry Wallet,2023-11-28 12:09:48.117307+00:00
"Project,RetroPGF","SCRY,Scry,Scry: Fully Decentralized and Independent Oracle and Data Infrastructure","Season 4,RetroPGF - Round #2,Season 4 - Mission",2023-08-05 07:22:15.000 UTC,2023-04-20 19:28:20.000 UTC,0.0,0.0,0.0,0.0,0.0,OP Foundation Sentry Wallet,2023-11-28 12:09:48.117307+00:00
Project,Geo Web,Season 3,2023-06-29 15:25:31.000 UTC,2023-05-11 19:47:15.000 UTC,0.0,0.0,0.0,0.0,0.0,OP Foundation Sentry Wallet,2023-11-28 12:09:48.117307+00:00
Project,Krzysztof Urbański,Season 4,2023-09-07 09:02:33.000 UTC,2023-04-19 18:48:39.000 UTC,0.0,0.0,0.0,0.0,0.0,OP Foundation Sentry Wallet,2023-11-28 12:09:48.117307+00:00
Project,Liquity,Season 4,2023-10-25 11:44:39.000 UTC,2023-10-25 11:44:39.000 UTC,0.0,0.0,0.0,0.0,0.0,OP Foundation Sentry Wallet,2023-11-28 12:09:48.117307+00:00
Project,Boardroom,Season 1,2023-08-07 13:18:19.000 UTC,2023-08-07 13:18:19.000 UTC,0.0,0.0,0.0,0.0,0.0,OP Foundation Sentry Wallet,2023-11-28 12:09:48.117307+00:00
"Project,RetroPGF","Cryptoversidad Team,Cryptoversidad","Team Wallet,RetroPGF - Round #2",2023-04-20 19:15:16.000 UTC,2023-04-20 19:13:30.000 UTC,0.0,0.0,0.0,0.0,0.0,OP Foundation Sentry Wallet,2023-11-28 12:09:48.117307+00:00
Project,Giveth,"Season 3,Multisig",2023-08-15 06:00:09.000 UTC,2023-04-25 06:45:05.000 UTC,0.0,0.0,0.0,0.0,0.0,OP Foundation Sentry Wallet,2023-11-28 12:09:48.117307+00:00
Project,Matt L,Season 4,2023-10-06 14:24:21.000 UTC,2023-08-30 17:47:51.000 UTC,0.0,0.0,0.0,0.0,0.0,OP Foundation Sentry Wallet,2023-11-28 12:09:48.117307+00:00
Project,Galxe,Season 3,2023-06-22 04:41:43.000 UTC,2023-06-05 05:55:56.000 UTC,0.0,0.0,0.0,0.0,0.0,OP Foundation Sentry Wallet,2023-11-28 12:09:48.117307+00:00
Project,jackanorak.eth,Season 4,2023-10-11 17:06:35.000 UTC,2023-04-19 18:48:39.000 UTC,0.0,0.0,0.0,0.0,0.0,OP Foundation Sentry Wallet,2023-11-28 12:09:48.117307+00:00
Project,"ENS Wildcard Domains,Superchain Resolver: Manage ENS Records on OP Chains (storage proofs)","Season 3,Season 4",2023-04-27 09:41:44.000 UTC,2023-04-27 09:41:44.000 UTC,0.0,0.0,0.0,0.0,0.0,OP Foundation Sentry Wallet,2023-11-28 12:09:48.117307+00:00
Project,JiffyScan,Season 3,2023-04-21 04:03:18.000 UTC,2023-04-21 04:03:18.000 UTC,0.0,0.0,0.0,0.0,0.0,OP Foundation Sentry Wallet,2023-11-28 12:09:48.117307+00:00
Project,Quests on Coinbase Wallet,Partner Fund,2023-06-08 16:13:05.000 UTC,2023-05-03 17:11:05.000 UTC,0.0,0.0,0.0,0.0,0.0,OP Foundation Sentry Wallet,2023-11-28 12:09:48.117307+00:00
"RetroPGF,Project","Michael Vander Meiden, The RetroPGF Podcast, OPdelegate.com,The RetroPGF Podcast,Michael Vander Meiden,OPdelegate.com ","Season 4,RetroPGF - Round #2,Season 4 - Mission",2023-10-27 04:06:17.000 UTC,2023-04-19 18:48:39.000 UTC,0.0,0.0,0.0,0.0,0.0,OP Foundation Sentry Wallet,2023-11-28 12:09:48.117307+00:00
"Project,RetroPGF",Cannon,"Season 4,RetroPGF - Round #2",2023-04-20 18:53:39.000 UTC,2023-04-20 18:53:39.000 UTC,0.0,0.0,0.0,0.0,0.0,OP Foundation Sentry Wallet,2023-11-28 12:09:48.117307+00:00
Project,Wombat Exchange,Season 4,2023-11-10 15:26:43.000 UTC,2023-11-10 15:26:43.000 UTC,0.0,0.0,0.0,0.0,0.0,OP Foundation Sentry Wallet,2023-11-28 12:09:48.117307+00:00
Project,The Optimistic Series,Season 3,2023-05-20 08:04:56.000 UTC,2023-05-20 08:04:56.000 UTC,0.0,0.0,0.0,0.0,0.0,OP Foundation Sentry Wallet,2023-11-28 12:09:48.117307+00:00
Project,Mutual,Season 4,2023-10-06 03:11:53.000 UTC,2023-10-06 03:11:53.000 UTC,0.0,0.0,0.0,0.0,0.0,OP Foundation Sentry Wallet,2023-11-28 12:09:48.117307+00:00
"RetroPGF,Project",OptiChads,"RetroPGF - Round #2,Season 2",2023-04-20 18:33:02.000 UTC,2023-04-20 18:33:02.000 UTC,0.0,0.0,0.0,0.0,0.0,OP Foundation Sentry Wallet,2023-11-28 12:09:48.117307+00:00
Project,Thales,"Season 3,Phase 0,Season 2",2023-06-30 14:29:59.000 UTC,2023-06-30 14:29:59.000 UTC,0.0,0.0,0.0,0.0,0.0,OP Foundation Sentry Wallet,2023-11-28 12:09:48.117307+00:00
Project,GasHawk,Season 4,2023-04-27 12:39:24.000 UTC,2023-04-27 12:39:24.000 UTC,0.0,0.0,0.0,0.0,0.0,OP Foundation Sentry Wallet,2023-11-28 12:09:48.117307+00:00
Project,Optiland Quests,Season 3,2023-08-04 18:10:23.000 UTC,2023-05-24 21:47:45.000 UTC,0.0,0.0,0.0,0.0,0.0,OP Foundation Sentry Wallet,2023-11-28 12:09:48.117307+00:00
Project,Metalswap,Season 3,2023-11-14 08:38:11.000 UTC,2023-05-23 09:42:19.000 UTC,0.0,0.0,0.0,0.0,0.0,OP Foundation Sentry Wallet,2023-11-28 12:09:48.117307+00:00
Project,Another World,Season 3,2023-05-03 19:10:37.000 UTC,2023-05-03 19:10:37.000 UTC,0.0,0.0,0.0,0.0,0.0,OP Foundation Sentry Wallet,2023-11-28 12:09:48.117307+00:00
Project,dm3 Protocol,Season 3,2023-06-23 06:42:19.000 UTC,2023-06-23 06:42:19.000 UTC,0.0,0.0,0.0,0.0,0.0,OP Foundation Sentry Wallet,2023-11-28 12:09:48.117307+00:00
Project,Dane Lund,Season 4,2023-05-03 17:11:05.000 UTC,2023-04-19 18:48:39.000 UTC,0.0,0.0,0.0,0.0,0.0,OP Foundation Sentry Wallet,2023-11-28 12:09:48.117307+00:00
Project,Synpress,Season 3,2023-04-20 18:42:22.000 UTC,2023-04-20 18:39:51.000 UTC,0.0,0.0,0.0,0.0,0.0,OP Foundation Sentry Wallet,2023-11-28 12:09:48.117307+00:00
Project,Rubicon,"Season 3,Phase 0",2023-11-01 23:15:01.000 UTC,2023-11-01 23:15:01.000 UTC,0.0,0.0,0.0,0.0,0.0,OP Foundation Sentry Wallet,2023-11-28 12:09:48.117307+00:00
Project,Bored Town,Season 3,2023-05-03 22:45:19.000 UTC,2023-05-03 22:45:19.000 UTC,0.0,0.0,0.0,0.0,0.0,OP Foundation Sentry Wallet,2023-11-28 12:09:48.117307+00:00
Project,Dhannte,Season 4,2023-10-31 20:26:21.000 UTC,2023-04-19 18:48:39.000 UTC,0.0,0.0,0.0,0.0,0.0,OP Foundation Sentry Wallet,2023-11-28 12:09:48.117307+00:00
Project,Extra Finance,Season 4,2023-08-31 00:11:03.000 UTC,2023-08-31 00:11:03.000 UTC,0.0,0.0,0.0,0.0,0.0,OP Foundation Sentry Wallet,2023-11-28 12:09:48.117307+00:00
Project,Gnosis Safe,Season 2,2023-10-20 08:27:53.000 UTC,2023-10-20 08:27:53.000 UTC,0.0,0.0,0.0,0.0,0.0,OP Foundation Sentry Wallet,2023-11-28 12:09:48.117307+00:00
Project,Otterspace,Season 2,2023-05-22 09:05:06.000 UTC,2023-05-22 09:05:06.000 UTC,0.0,0.0,0.0,0.0,0.0,OP Foundation Sentry Wallet,2023-11-28 12:09:48.117307+00:00
Project,"Velodrome: Fostering Inclusive Governance through Leading Optimism Builders and Long-term Users,Velodrome: Spread Awareness Through Direct Outreach and Onboarding,Velodrome,Velodrome Finance","Season 4 - Mission,Season 4,Intermediate,Season 2",2023-09-14 20:41:11.000 UTC,2023-08-10 21:26:13.000 UTC,0.0,0.0,0.0,0.0,0.0,OP Foundation Sentry Wallet,2023-11-28 12:09:48.117307+00:00
Project,[RFG-3] Sherlock Audits,Season 4,2023-05-25 13:36:15.000 UTC,2023-05-25 13:36:15.000 UTC,0.0,0.0,0.0,0.0,0.0,OP Foundation Sentry Wallet,2023-11-28 12:09:48.117307+00:00
Project,Parcel,Season 3,2023-05-15 04:07:12.000 UTC,2023-05-15 04:07:12.000 UTC,0.0,0.0,0.0,0.0,0.0,OP Foundation Sentry Wallet,2023-11-28 12:09:48.117307+00:00
Other,Other,Other,2023-11-25 08:46:57.000 UTC,2022-06-01 06:35:37.000 UTC,292588768.37148386,292588768.37148386,0.0,0.0,0.0,OP Foundation Wallet,2023-11-28 12:09:48.117307+00:00
"Project,Deployed",Quests on Coinbase Wallet,"Partner Fund,Quest 1 - DEX",2023-02-10 22:09:48.000 UTC,2023-02-10 22:09:48.000 UTC,0.0,480615.0,0.0,0.0,0.0,OP Foundation Wallet,2023-11-28 12:09:48.117307+00:00
"Project,Deployed",Quests on Coinbase Wallet,"Partner Fund,Quest 2 - Delegation",2023-03-03 17:52:21.000 UTC,2023-03-03 17:52:21.000 UTC,0.0,373878.0,0.0,0.0,0.0,OP Foundation Wallet,2023-11-28 12:09:48.117307+00:00
Deployed,Gamma,Partner Fund,2023-04-05 22:25:49.000 UTC,2023-03-17 16:43:37.000 UTC,0.0,202498.0,0.0,0.0,0.0,OP Foundation Wallet,2023-11-28 12:09:48.117307+00:00
Deployed,Arrakis Finance,Partner Fund,2023-04-13 05:12:22.000 UTC,2023-03-17 16:43:37.000 UTC,0.0,137509.0,0.0,0.0,0.0,OP Foundation Wallet,2023-11-28 12:09:48.117307+00:00
Deployed,Synthetix,SNXAmbassadors delegation,2023-09-18 18:09:05.000 UTC,2023-09-18 18:09:05.000 UTC,0.0,20000.0,0.0,0.0,0.0,OP Foundation Wallet,2023-11-28 12:09:48.117307+00:00
Deployed,Thales,Distributor,2023-09-18 18:28:51.000 UTC,2023-02-09 19:28:18.000 UTC,0.0,1416.4714301508398,0.0,0.0,0.0,OP Foundation Wallet,2023-11-28 12:09:48.117307+00:00
Deployed,WePiggy,Distributor,2023-02-09 19:34:57.000 UTC,2023-02-09 19:34:57.000 UTC,0.0,39.034214943369975,0.0,0.0,0.0,OP Foundation Wallet,2023-11-28 12:09:48.117307+00:00
Deployed,Velodrome,Distributor,2023-02-09 19:54:11.000 UTC,2023-02-09 19:54:11.000 UTC,0.0,28.549869979236238,0.0,0.0,0.0,OP Foundation Wallet,2023-11-28 12:09:48.117307+00:00
Deployed,Kwenta,Distributor,2023-02-09 19:47:48.000 UTC,2023-02-09 19:47:48.000 UTC,0.0,16.15751295181371,0.0,0.0,0.0,OP Foundation Wallet,2023-11-28 12:09:48.117307+00:00
Project,"Bankless Academy: Multi-lingual Lesson on Optimism Governance,Bankless Academy","Season 4 - Mission,Season 4",2023-09-18 18:09:41.000 UTC,2023-09-18 18:09:41.000 UTC,0.0,0.0,0.0,0.0,0.0,OP Foundation Wallet,2023-11-28 12:09:48.117307+00:00
"RetroPGF,Project",OptiChads,"RetroPGF - Round #2,Season 2",2023-02-09 20:11:48.000 UTC,2022-10-28 00:24:58.000 UTC,0.0,0.0,0.0,0.0,0.0,OP Foundation Wallet,2023-11-28 12:09:48.117307+00:00
Project,xToken,Season 1,2023-02-09 20:05:25.000 UTC,2022-09-13 21:24:23.000 UTC,0.0,0.0,0.0,0.0,0.0,OP Foundation Wallet,2023-11-28 12:09:48.117307+00:00
Project,DefiLlama,Season 2,2022-12-26 20:23:15.000 UTC,2022-12-26 20:23:15.000 UTC,0.0,0.0,0.0,0.0,0.0,OP Foundation Wallet,2023-11-28 12:09:48.117307+00:00
Project,Exactly,Partner Fund,2023-03-10 04:26:29.000 UTC,2023-03-10 04:26:29.000 UTC,0.0,0.0,0.0,0.0,0.0,OP Foundation Wallet,2023-11-28 12:09:48.117307+00:00
Project,Perpetual Protocol,Grants Wallet,2023-02-09 19:16:37.000 UTC,2023-02-09 19:16:37.000 UTC,0.0,0.0,0.0,0.0,0.0,OP Foundation Wallet,2023-11-28 12:09:48.117307+00:00
Project,dHedge,Intermediate,2023-09-18 18:10:17.000 UTC,2023-02-09 20:08:28.000 UTC,0.0,0.0,0.0,0.0,0.0,OP Foundation Wallet,2023-11-28 12:09:48.117307+00:00
Project,Chaintrap,Season 3,2023-09-15 18:08:29.000 UTC,2023-09-15 18:08:29.000 UTC,0.0,0.0,0.0,0.0,0.0,OP Foundation Wallet,2023-11-28 12:09:48.117307+00:00
Project,Layer2dao,Contract Deplpoyer,2023-09-18 18:17:37.000 UTC,2023-02-09 19:03:11.000 UTC,0.0,0.0,0.0,0.0,0.0,OP Foundation Wallet,2023-11-28 12:09:48.117307+00:00
Project,Zeroex (0x),Phase 0,2022-07-08 21:22:57.000 UTC,2022-07-08 21:22:57.000 UTC,0.0,0.0,0.0,0.0,0.0,OP Foundation Wallet,2023-11-28 12:09:48.117307+00:00
Project,Pickle Finance,Season 1,2022-08-15 05:33:41.000 UTC,2022-08-15 05:33:41.000 UTC,0.0,0.0,0.0,0.0,0.0,OP Foundation Wallet,2023-11-28 12:09:48.117307+00:00
Project,Thales,"Season 3,Phase 0,Season 2",2023-04-07 11:33:47.000 UTC,2022-07-08 21:22:57.000 UTC,0.0,0.0,0.0,0.0,0.0,OP Foundation Wallet,2023-11-28 12:09:48.117307+00:00
Project,Lido,Partner Fund,2023-03-03 17:51:51.000 UTC,2023-03-03 17:51:51.000 UTC,0.0,0.0,0.0,0.0,0.0,OP Foundation Wallet,2023-11-28 12:09:48.117307+00:00
Project,Celer,Phase 0,2022-08-04 06:56:59.000 UTC,2022-08-04 06:56:59.000 UTC,0.0,0.0,0.0,0.0,0.0,OP Foundation Wallet,2023-11-28 12:09:48.117307+00:00
Project,OKX,Partner Fund,2022-09-12 17:34:15.000 UTC,2022-09-12 17:34:15.000 UTC,0.0,0.0,0.0,0.0,0.0,OP Foundation Wallet,2023-11-28 12:09:48.117307+00:00
Project,Uniswap,Phase 0,2022-09-07 15:07:22.000 UTC,2022-09-07 15:07:22.000 UTC,0.0,0.0,0.0,0.0,0.0,OP Foundation Wallet,2023-11-28 12:09:48.117307+00:00
Project,Biconomy,Season 1,2022-09-02 08:44:30.000 UTC,2022-09-02 08:44:30.000 UTC,0.0,0.0,0.0,0.0,0.0,OP Foundation Wallet,2023-11-28 12:09:48.117307+00:00
Project,Rainbow,Season 2,2023-02-18 02:12:43.000 UTC,2023-02-18 02:12:43.000 UTC,0.0,0.0,0.0,0.0,0.0,OP Foundation Wallet,2023-11-28 12:09:48.117307+00:00
Project,"LimeChain,LimeChain: Extend the L1Block contract to store historical block hash da","Season 4,Season 4 - Mission",2023-09-18 18:09:41.000 UTC,2023-02-09 19:53:39.000 UTC,0.0,0.0,0.0,0.0,0.0,OP Foundation Wallet,2023-11-28 12:09:48.117307+00:00
Project,LiFi,Season 2,2023-10-12 09:07:49.000 UTC,2022-11-30 20:32:11.000 UTC,0.0,0.0,0.0,0.0,0.0,OP Foundation Wallet,2023-11-28 12:09:48.117307+00:00
Project,Parcel,Season 3,2023-09-15 18:16:07.000 UTC,2023-09-15 18:16:07.000 UTC,0.0,0.0,0.0,0.0,0.0,OP Foundation Wallet,2023-11-28 12:09:48.117307+00:00
Project,Aelin,Phase 0,2022-07-14 03:34:07.000 UTC,2022-07-14 03:34:07.000 UTC,0.0,0.0,0.0,0.0,0.0,OP Foundation Wallet,2023-11-28 12:09:48.117307+00:00
Project,"Velodrome: Fostering Inclusive Governance through Leading Optimism Builders and Long-term Users,Velodrome: Spread Awareness Through Direct Outreach and Onboarding,Velodrome,Velodrome Finance","Season 4 - Mission,Season 4,Intermediate,Season 2",2022-11-25 16:43:45.000 UTC,2022-11-25 16:43:45.000 UTC,0.0,0.0,0.0,0.0,0.0,OP Foundation Wallet,2023-11-28 12:09:48.117307+00:00
Project,Boardroom,Season 1,2022-08-26 17:27:27.000 UTC,2022-08-26 17:27:27.000 UTC,0.0,0.0,0.0,0.0,0.0,OP Foundation Wallet,2023-11-28 12:09:48.117307+00:00
Project,QiDao,Season 1,2023-09-18 18:09:05.000 UTC,2022-08-27 07:22:14.000 UTC,0.0,0.0,0.0,0.0,0.0,OP Foundation Wallet,2023-11-28 12:09:48.117307+00:00
"RetroPGF,Project","Michael Vander Meiden, The RetroPGF Podcast, OPdelegate.com,The RetroPGF Podcast,Michael Vander Meiden,OPdelegate.com ","Season 4,RetroPGF - Round #2,Season 4 - Mission",2023-09-18 18:09:41.000 UTC,2022-12-06 19:56:05.000 UTC,0.0,0.0,0.0,0.0,0.0,OP Foundation Wallet,2023-11-28 12:09:48.117307+00:00
Project,Gelato,Phase 0,2022-07-08 21:22:57.000 UTC,2022-07-08 21:22:57.000 UTC,0.0,0.0,0.0,0.0,0.0,OP Foundation Wallet,2023-11-28 12:09:48.117307+00:00
Project,Velodrome,Intermediate Disperser,2023-09-18 18:11:59.000 UTC,2023-02-09 20:01:34.000 UTC,0.0,0.0,0.0,0.0,0.0,OP Foundation Wallet,2023-11-28 12:09:48.117307+00:00
Project,WePiggy,Intermediate,2023-09-15 18:22:15.000 UTC,2023-02-09 19:52:23.000 UTC,0.0,0.0,0.0,0.0,0.0,OP Foundation Wallet,2023-11-28 12:09:48.117307+00:00
Project,Crypto LDFM,Season 3,2023-04-06 22:05:05.000 UTC,2023-04-06 22:05:05.000 UTC,0.0,0.0,0.0,0.0,0.0,OP Foundation Wallet,2023-11-28 12:09:48.117307+00:00
Project,Katie Garcia,Season 4,2023-09-18 18:09:41.000 UTC,2022-12-06 19:56:05.000 UTC,0.0,0.0,0.0,0.0,0.0,OP Foundation Wallet,2023-11-28 12:09:48.117307+00:00
Project,Otterspace,Season 2,2022-11-04 16:06:55.000 UTC,2022-11-04 16:06:55.000 UTC,0.0,0.0,0.0,0.0,0.0,OP Foundation Wallet,2023-11-28 12:09:48.117307+00:00
Project,Zipswap,Phase 0,2023-02-09 19:49:35.000 UTC,2023-02-09 19:49:35.000 UTC,0.0,0.0,0.0,0.0,0.0,OP Foundation Wallet,2023-11-28 12:09:48.117307+00:00
Project,Aave,Phase 0,2022-08-03 16:35:55.000 UTC,2022-08-03 16:35:55.000 UTC,0.0,0.0,0.0,0.0,0.0,OP Foundation Wallet,2023-11-28 12:09:48.117307+00:00
Project,PoolTogether,"Partner Fund,Season 2",2022-11-28 17:16:24.000 UTC,2022-07-20 22:00:07.000 UTC,0.0,0.0,0.0,0.0,0.0,OP Foundation Wallet,2023-11-28 12:09:48.117307+00:00
Project,Quix,Partner Fund,2023-02-09 19:41:35.000 UTC,2022-10-19 16:37:09.000 UTC,0.0,0.0,0.0,0.0,0.0,OP Foundation Wallet,2023-11-28 12:09:48.117307+00:00
Project,"Latruite.eth: Create and maintain the ‘Optimism Vision Reservoir’,Latruite.eth","Season 4 - Mission,Season 4",2023-09-18 18:30:53.000 UTC,2023-02-09 19:54:59.000 UTC,0.0,0.0,0.0,0.0,0.0,OP Foundation Wallet,2023-11-28 12:09:48.117307+00:00
Project,"Dappnode: Future-proofing UI/UX of OP nodes,Dappnode","Season 4 - Mission,Season 4",2023-09-15 18:15:25.000 UTC,2023-09-15 18:15:25.000 UTC,0.0,0.0,0.0,0.0,0.0,OP Foundation Wallet,2023-11-28 12:09:48.117307+00:00
Project,DeNotify,Season 3,2023-02-09 19:52:23.000 UTC,2023-02-09 19:52:23.000 UTC,0.0,0.0,0.0,0.0,0.0,OP Foundation Wallet,2023-11-28 12:09:48.117307+00:00
Project,Revert Finance,Season 2,2023-09-18 18:17:37.000 UTC,2022-10-19 20:18:31.000 UTC,0.0,0.0,0.0,0.0,0.0,OP Foundation Wallet,2023-11-28 12:09:48.117307+00:00
Project,Onboarding Brazilian Developers,Season 4,2023-02-09 19:51:51.000 UTC,2023-02-09 19:51:51.000 UTC,0.0,0.0,0.0,0.0,0.0,OP Foundation Wallet,2023-11-28 12:09:48.117307+00:00
Project,Chainlink,Phase 0,2022-08-03 16:35:25.000 UTC,2022-08-03 16:35:25.000 UTC,0.0,0.0,0.0,0.0,0.0,OP Foundation Wallet,2023-11-28 12:09:48.117307+00:00
Project,Quests on Coinbase Wallet,Partner Fund,2023-03-29 19:03:48.000 UTC,2023-03-29 19:03:48.000 UTC,0.0,0.0,0.0,0.0,0.0,OP Foundation Wallet,2023-11-28 12:09:48.117307+00:00
Project,[RFG-3] Sherlock Audits,Season 4,2023-03-14 12:10:32.000 UTC,2023-03-12 22:38:03.000 UTC,0.0,0.0,0.0,0.0,0.0,OP Foundation Wallet,2023-11-28 12:09:48.117307+00:00
Project,Rocket Pool,Season 1,2022-11-01 00:06:47.000 UTC,2022-11-01 00:06:47.000 UTC,0.0,0.0,0.0,0.0,0.0,OP Foundation Wallet,2023-11-28 12:09:48.117307+00:00
Project,Hop Protocol,Phase 0,2022-10-03 02:22:28.000 UTC,2022-10-03 02:22:28.000 UTC,0.0,0.0,0.0,0.0,0.0,OP Foundation Wallet,2023-11-28 12:09:48.117307+00:00
Project,dForce,Intermediate,2023-02-09 19:50:36.000 UTC,2023-02-09 19:50:36.000 UTC,0.0,0.0,0.0,0.0,0.0,OP Foundation Wallet,2023-11-28 12:09:48.117307+00:00
Project,1inch,Phase 0,2022-08-15 07:58:07.000 UTC,2022-08-15 07:58:07.000 UTC,0.0,0.0,0.0,0.0,0.0,OP Foundation Wallet,2023-11-28 12:09:48.117307+00:00
"RetroPGF,Project",Atlantis World,"RetroPGF - Round #2,Season 4",2023-02-09 20:13:51.000 UTC,2022-09-29 15:30:03.000 UTC,0.0,0.0,0.0,0.0,0.0,OP Foundation Wallet,2023-11-28 12:09:48.117307+00:00
Project,"GFX (PaperImperium),Interest Protocol","Season 4,Season 2",2023-09-15 18:11:25.000 UTC,2022-12-06 19:56:05.000 UTC,0.0,0.0,0.0,0.0,0.0,OP Foundation Wallet,2023-11-28 12:09:48.117307+00:00
Project,Layer2dao,Phase 0,2022-07-08 21:22:57.000 UTC,2022-07-08 21:22:57.000 UTC,0.0,0.0,0.0,0.0,0.0,OP Foundation Wallet,2023-11-28 12:09:48.117307+00:00
Project,Solidity Survivor,Team Wallet,2023-09-18 18:30:53.000 UTC,2023-02-09 20:02:35.000 UTC,0.0,0.0,0.0,0.0,0.0,OP Foundation Wallet,2023-11-28 12:09:48.117307+00:00
Project,Candide Wallet,Season 1,2022-08-09 12:31:03.000 UTC,2022-08-09 12:28:28.000 UTC,0.0,0.0,0.0,0.0,0.0,OP Foundation Wallet,2023-11-28 12:09:48.117307+00:00
Project,Via Protocol,Season 3,2023-03-18 12:16:01.000 UTC,2023-03-18 12:16:01.000 UTC,0.0,0.0,0.0,0.0,0.0,OP Foundation Wallet,2023-11-28 12:09:48.117307+00:00
Project,"Kwenta,Kwenta Referral Program","Phase 0,Season 4",2022-07-15 14:58:43.000 UTC,2022-07-15 14:58:43.000 UTC,0.0,0.0,0.0,0.0,0.0,OP Foundation Wallet,2023-11-28 12:09:48.117307+00:00
Project,Premia,Season 3,2023-03-22 23:59:42.000 UTC,2023-03-22 23:59:42.000 UTC,0.0,0.0,0.0,0.0,0.0,OP Foundation Wallet,2023-11-28 12:09:48.117307+00:00
Project,DefiEdge,Uniswap Grants,2023-02-09 19:43:24.000 UTC,2023-02-09 19:43:24.000 UTC,0.0,0.0,0.0,0.0,0.0,OP Foundation Wallet,2023-11-28 12:09:48.117307+00:00
Project,Sugma.eth,Season 4,2023-09-18 18:10:49.000 UTC,2022-12-15 22:36:40.000 UTC,0.0,0.0,0.0,0.0,0.0,OP Foundation Wallet,2023-11-28 12:09:48.117307+00:00
Project,QiDao,Intermediate,2023-02-09 19:42:22.000 UTC,2023-02-09 19:42:22.000 UTC,0.0,0.0,0.0,0.0,0.0,OP Foundation Wallet,2023-11-28 12:09:48.117307+00:00
Project,Cryptoversidad Team,Team Wallet,2023-09-18 18:30:01.000 UTC,2023-02-09 19:55:14.000 UTC,0.0,0.0,0.0,0.0,0.0,OP Foundation Wallet,2023-11-28 12:09:48.117307+00:00
Project,dForce,"Season 1,Season 3",2022-09-30 07:12:01.000 UTC,2022-09-30 07:12:01.000 UTC,0.0,0.0,0.0,0.0,0.0,OP Foundation Wallet,2023-11-28 12:09:48.117307+00:00
Project,Sonne Finance,Season 3,2023-04-25 17:49:16.000 UTC,2023-04-25 17:49:16.000 UTC,0.0,0.0,0.0,0.0,0.0,OP Foundation Wallet,2023-11-28 12:09:48.117307+00:00
Project,Alchemix,Season 2,2023-01-08 01:17:36.000 UTC,2023-01-08 01:17:36.000 UTC,0.0,0.0,0.0,0.0,0.0,OP Foundation Wallet,2023-11-28 12:09:48.117307+00:00
Project,Synthetix,Phase 0,2022-07-27 11:39:58.000 UTC,2022-07-27 11:39:58.000 UTC,0.0,0.0,0.0,0.0,0.0,OP Foundation Wallet,2023-11-28 12:09:48.117307+00:00
Project,Karma,"Season 2,Season 3",2023-09-18 18:10:17.000 UTC,2022-12-15 06:59:05.000 UTC,0.0,0.0,0.0,0.0,0.0,OP Foundation Wallet,2023-11-28 12:09:48.117307+00:00
Project,Soldeer,Season 4,2023-02-09 19:37:00.000 UTC,2023-02-09 19:37:00.000 UTC,0.0,0.0,0.0,0.0,0.0,OP Foundation Wallet,2023-11-28 12:09:48.117307+00:00
Project,Overnight,Season 2,2023-02-09 19:30:53.000 UTC,2023-01-05 20:14:37.000 UTC,0.0,0.0,0.0,0.0,0.0,OP Foundation Wallet,2023-11-28 12:09:48.117307+00:00
Project,CryptoTesters,Partner Fund,2022-12-15 22:36:40.000 UTC,2022-12-15 22:36:40.000 UTC,0.0,0.0,0.0,0.0,0.0,OP Foundation Wallet,2023-11-28 12:09:48.117307+00:00
"Project,RetroPGF",Cannon,"Season 4,RetroPGF - Round #2",2023-09-18 18:15:45.000 UTC,2023-02-09 20:13:04.000 UTC,0.0,0.0,0.0,0.0,0.0,OP Foundation Wallet,2023-11-28 12:09:48.117307+00:00
Project,"Beefy Finance,Beefy - Universal Zap","Season 1,Season 4",2022-09-12 21:18:28.000 UTC,2022-09-12 21:18:28.000 UTC,0.0,0.0,0.0,0.0,0.0,OP Foundation Wallet,2023-11-28 12:09:48.117307+00:00
Project,Across Protocol,Season 2,2023-04-18 17:41:29.000 UTC,2023-04-18 17:41:29.000 UTC,0.0,0.0,0.0,0.0,0.0,OP Foundation Wallet,2023-11-28 12:09:48.117307+00:00
Project,Tarot,Season 2,2022-11-25 17:45:19.000 UTC,2022-11-25 17:45:19.000 UTC,0.0,0.0,0.0,0.0,0.0,OP Foundation Wallet,2023-11-28 12:09:48.117307+00:00
Project,Mochi,Season 2,2023-01-02 15:47:47.000 UTC,2023-01-02 15:47:47.000 UTC,0.0,0.0,0.0,0.0,0.0,OP Foundation Wallet,2023-11-28 12:09:48.117307+00:00
Project,Perpetual Protocol,Phase 0,2022-07-08 21:22:57.000 UTC,2022-07-08 21:22:57.000 UTC,0.0,0.0,0.0,0.0,0.0,OP Foundation Wallet,2023-11-28 12:09:48.117307+00:00
Project,Sushi,Season 2,2022-11-24 12:49:31.000 UTC,2022-11-24 12:49:31.000 UTC,0.0,0.0,0.0,0.0,0.0,OP Foundation Wallet,2023-11-28 12:09:48.117307+00:00
Project,jackanorak.eth,Season 4,2023-09-18 18:32:55.000 UTC,2022-12-15 22:36:40.000 UTC,0.0,0.0,0.0,0.0,0.0,OP Foundation Wallet,2023-11-28 12:09:48.117307+00:00
Project,Delegate Corner,"Season 4,Season 4 - Mission",2023-02-09 19:37:00.000 UTC,2023-02-09 19:37:00.000 UTC,0.0,0.0,0.0,0.0,0.0,OP Foundation Wallet,2023-11-28 12:09:48.117307+00:00
Project,Stargate Finance,Phase 0,2022-07-19 23:03:40.000 UTC,2022-07-19 23:03:40.000 UTC,0.0,0.0,0.0,0.0,0.0,OP Foundation Wallet,2023-11-28 12:09:48.117307+00:00
Project,Quix,Distributor,2023-02-09 19:57:01.000 UTC,2023-02-09 19:57:01.000 UTC,0.0,0.0,0.0,0.0,0.0,OP Foundation Wallet,2023-11-28 12:09:48.117307+00:00
Project,WePiggy,Phase 0,2022-07-26 06:28:57.000 UTC,2022-07-26 06:28:57.000 UTC,0.0,0.0,0.0,0.0,0.0,OP Foundation Wallet,2023-11-28 12:09:48.117307+00:00
Project,Synapse,Phase 0,2023-03-24 16:59:27.000 UTC,2023-03-24 16:59:27.000 UTC,0.0,0.0,0.0,0.0,0.0,OP Foundation Wallet,2023-11-28 12:09:48.117307+00:00
Project,Yearn,Season 2,2022-11-24 15:01:22.000 UTC,2022-11-24 15:01:22.000 UTC,0.0,0.0,0.0,0.0,0.0,OP Foundation Wallet,2023-11-28 12:09:48.117307+00:00
Project,Dane Lund,Season 4,2023-04-05 22:24:48.000 UTC,2023-04-05 22:24:48.000 UTC,0.0,0.0,0.0,0.0,0.0,OP Foundation Wallet,2023-11-28 12:09:48.117307+00:00
Project,Polynomial Protocol,Phase 0,2022-07-19 05:23:53.000 UTC,2022-07-19 05:23:53.000 UTC,0.0,0.0,0.0,0.0,0.0,OP Foundation Wallet,2023-11-28 12:09:48.117307+00:00
Project,EthernautDAO,Season 2,2022-11-29 14:03:58.000 UTC,2022-11-29 14:03:58.000 UTC,0.0,0.0,0.0,0.0,0.0,OP Foundation Wallet,2023-11-28 12:09:48.117307+00:00
Project,InsureDAO,Season 2,2023-04-19 10:49:58.000 UTC,2023-04-19 10:49:58.000 UTC,0.0,0.0,0.0,0.0,0.0,OP Foundation Wallet,2023-11-28 12:09:48.117307+00:00
Project,Bankless Academy,Season 2,2022-10-20 10:16:39.000 UTC,2022-10-20 10:16:39.000 UTC,0.0,0.0,0.0,0.0,0.0,OP Foundation Wallet,2023-11-28 12:09:48.117307+00:00
Project,Beethoven X,Season 1,2022-08-09 13:31:33.000 UTC,2022-08-09 13:31:33.000 UTC,0.0,0.0,0.0,0.0,0.0,OP Foundation Wallet,2023-11-28 12:09:48.117307+00:00
Project,Geo Web,Season 3,2023-01-20 18:42:08.000 UTC,2023-01-20 18:42:08.000 UTC,0.0,0.0,0.0,0.0,0.0,OP Foundation Wallet,2023-11-28 12:09:48.117307+00:00
Project,Thales,Contract Deployer,2023-02-09 19:50:06.000 UTC,2023-02-09 19:50:06.000 UTC,0.0,0.0,0.0,0.0,0.0,OP Foundation Wallet,2023-11-28 12:09:48.117307+00:00
Project,Hundred Finance,Season 1,2022-08-26 08:28:32.000 UTC,2022-08-26 08:28:32.000 UTC,0.0,0.0,0.0,0.0,0.0,OP Foundation Wallet,2023-11-28 12:09:48.117307+00:00
Project,Velodrome,Partner Fund,2022-07-14 14:28:43.000 UTC,2022-07-14 14:26:23.000 UTC,0.0,0.0,0.0,0.0,0.0,OP Foundation Wallet,2023-11-28 12:09:48.117307+00:00
Project,Socket,Season 2,2023-07-04 13:11:57.000 UTC,2023-07-04 13:11:57.000 UTC,0.0,0.0,0.0,0.0,0.0,OP Foundation Wallet,2023-11-28 12:09:48.117307+00:00
Project,Kromatika,Season 2,2022-11-06 17:07:30.000 UTC,2022-11-06 17:07:30.000 UTC,0.0,0.0,0.0,0.0,0.0,OP Foundation Wallet,2023-11-28 12:09:48.117307+00:00
Project,Clipper,Phase 0,2023-09-18 18:09:05.000 UTC,2022-07-08 21:22:57.000 UTC,0.0,0.0,0.0,0.0,0.0,OP Foundation Wallet,2023-11-28 12:09:48.117307+00:00
Project,Gnosis Safe,Season 2,2023-04-26 18:53:25.000 UTC,2023-04-26 18:53:25.000 UTC,0.0,0.0,0.0,0.0,0.0,OP Foundation Wallet,2023-11-28 12:09:48.117307+00:00
Project,Dope Wars,Season 2,2022-11-17 08:16:13.000 UTC,2022-11-17 08:16:13.000 UTC,0.0,0.0,0.0,0.0,0.0,OP Foundation Wallet,2023-11-28 12:09:48.117307+00:00
Project,Unruggable Names,Season 4,2023-09-18 18:17:55.000 UTC,2023-09-18 18:17:55.000 UTC,0.0,0.0,0.0,0.0,0.0,OP Foundation Wallet,2023-11-28 12:09:48.117307+00:00
Project,"QiDao,KyberSwap","Intermediate,Season 3",2023-04-06 16:32:00.000 UTC,2023-04-06 16:32:00.000 UTC,0.0,0.0,0.0,0.0,0.0,OP Foundation Wallet,2023-11-28 12:09:48.117307+00:00
Project,Paraswap,Season 1,2023-03-08 16:47:28.000 UTC,2023-03-08 16:47:28.000 UTC,0.0,0.0,0.0,0.0,0.0,OP Foundation Wallet,2023-11-28 12:09:48.117307+00:00
Project,Pika Protocol,Phase 0,2022-08-26 04:22:04.000 UTC,2022-08-26 04:18:37.000 UTC,0.0,0.0,0.0,0.0,0.0,OP Foundation Wallet,2023-11-28 12:09:48.117307+00:00
"RetroPGF,Project","rotki,Rotki","RetroPGF - Round #2,Season 3,Season 1",2023-02-09 19:47:02.000 UTC,2022-08-09 08:51:51.000 UTC,0.0,0.0,0.0,0.0,0.0,OP Foundation Wallet,2023-11-28 12:09:48.117307+00:00
Project,dHedge,Season 2,2022-10-21 01:42:51.000 UTC,2022-10-21 01:42:51.000 UTC,0.0,0.0,0.0,0.0,0.0,OP Foundation Wallet,2023-11-28 12:09:48.117307+00:00
Project,Lyra Finance,Phase 0,2022-07-20 02:42:01.000 UTC,2022-07-20 02:42:01.000 UTC,0.0,0.0,0.0,0.0,0.0,OP Foundation Wallet,2023-11-28 12:09:48.117307+00:00
Project,Beefy Finance,Intermediate,2023-02-09 19:32:57.000 UTC,2023-02-09 19:32:57.000 UTC,0.0,0.0,0.0,0.0,0.0,OP Foundation Wallet,2023-11-28 12:09:48.117307+00:00
Project,"ENS Wildcard Domains,Superchain Resolver: Manage ENS Records on OP Chains (storage proofs)","Season 3,Season 4",2023-09-18 18:10:17.000 UTC,2023-09-18 18:10:17.000 UTC,0.0,0.0,0.0,0.0,0.0,OP Foundation Wallet,2023-11-28 12:09:48.117307+00:00
Project,Nested,Treasury Wallet,2023-09-18 18:09:05.000 UTC,2023-02-09 19:07:04.000 UTC,0.0,0.0,0.0,0.0,0.0,OP Foundation Wallet,2023-11-28 12:09:48.117307+00:00
Project,Angle,Contract Deplopyer,2023-09-18 18:11:23.000 UTC,2023-02-09 19:02:41.000 UTC,0.0,0.0,0.0,0.0,0.0,OP Foundation Wallet,2023-11-28 12:09:48.117307+00:00
Project,The Optimistic Series,Season 3,2023-03-30 19:59:17.000 UTC,2023-03-30 19:59:17.000 UTC,0.0,0.0,0.0,0.0,0.0,OP Foundation Wallet,2023-11-28 12:09:48.117307+00:00
Project,Angle,Intermediate,2022-11-28 08:45:44.000 UTC,2022-11-28 08:45:44.000 UTC,0.0,0.0,0.0,0.0,0.0,OP Foundation Wallet,2023-11-28 12:09:48.117307+00:00
Project,Mean Finance,Season 1,2022-10-19 17:18:22.000 UTC,2022-10-19 17:18:22.000 UTC,0.0,0.0,0.0,0.0,0.0,OP Foundation Wallet,2023-11-28 12:09:48.117307+00:00
Project,Rotki,Multisig,2023-09-18 18:09:05.000 UTC,2023-09-18 18:09:05.000 UTC,0.0,0.0,0.0,0.0,0.0,OP Foundation Wallet,2023-11-28 12:09:48.117307+00:00
Project,Slingshot,Phase 0,2022-07-08 21:22:57.000 UTC,2022-07-08 21:22:57.000 UTC,0.0,0.0,0.0,0.0,0.0,OP Foundation Wallet,2023-11-28 12:09:48.117307+00:00
Project,WardenSwap,Season 1,2022-11-26 18:31:40.000 UTC,2022-11-26 18:31:40.000 UTC,0.0,0.0,0.0,0.0,0.0,OP Foundation Wallet,2023-11-28 12:09:48.117307+00:00
Project,Krzysztof Urbański,Season 4,2023-09-18 18:09:05.000 UTC,2023-02-27 19:02:43.000 UTC,0.0,0.0,0.0,0.0,0.0,OP Foundation Wallet,2023-11-28 12:09:48.117307+00:00
Project,Dhannte,Season 4,2023-09-18 18:09:23.000 UTC,2022-12-06 19:56:05.000 UTC,0.0,0.0,0.0,0.0,0.0,OP Foundation Wallet,2023-11-28 12:09:48.117307+00:00
Project,Rubicon,"Season 3,Phase 0",2023-08-07 13:55:17.000 UTC,2022-07-08 21:22:57.000 UTC,0.0,0.0,0.0,0.0,0.0,OP Foundation Wallet,2023-11-28 12:09:48.117307+00:00
Project,Another World,Season 3,2023-02-02 23:58:38.000 UTC,2023-02-02 23:58:38.000 UTC,0.0,0.0,0.0,0.0,0.0,OP Foundation Wallet,2023-11-28 12:09:48.117307+00:00
Other,Other,Other,2023-11-01 16:19:07.000 UTC,2023-10-28 20:52:55.000 UTC,8212.99990000001,8212.99990000001,0.0,0.0,0.0,Octav,2023-11-28 12:09:48.117307+00:00
OP Foundation,OP Foundation Sentry Wallet,OP Foundation Grants,2023-09-07 15:18:19.000 UTC,2023-09-07 15:18:19.000 UTC,0.0,0.0,0.0,0.0,18000.0,Octav,2023-11-28 12:09:48.117307+00:00
Other,Other,Other,2023-11-28 10:18:23.000 UTC,2023-09-05 09:12:17.000 UTC,48999.9,48999.9,0.0,0.0,0.0,OmniBTC,2023-11-28 12:09:48.117307+00:00
OP Foundation,OP Foundation Sentry Wallet,OP Foundation Grants,2023-11-16 06:08:53.000 UTC,2023-08-24 02:20:43.000 UTC,0.0,0.0,0.0,0.0,81999.9,OmniBTC,2023-11-28 12:09:48.117307+00:00
Other,Other,Other,2023-11-03 16:37:21.000 UTC,2022-09-27 16:45:05.000 UTC,3575.3775013660693,3575.3775013660693,0.0,0.0,0.0,Onboarding Brazilian Developers,2023-11-28 12:09:48.117307+00:00
OP Foundation,OP Foundation Wallet,OP Foundation Grants,2023-02-09 19:51:51.000 UTC,2023-02-09 19:51:51.000 UTC,0.0,0.0,0.0,0.0,55.683568662312794,Onboarding Brazilian Developers,2023-11-28 12:09:48.117307+00:00
"RetroPGF,Project","rotki,Rotki","RetroPGF - Round #2,Season 3,Season 1",2023-10-23 00:31:33.000 UTC,2023-10-23 00:31:33.000 UTC,0.0,1.0,0.0,1.0,0.0,Op Podcast NFTs,2023-11-28 12:09:48.117307+00:00
Project,"Pairwise: Tinder UX for web3 community signaling,Pairwise","Season 4 - Mission,Season 4",2023-10-23 00:25:05.000 UTC,2023-10-23 00:25:05.000 UTC,0.0,1.0,0.0,1.0,0.0,Op Podcast NFTs,2023-11-28 12:09:48.117307+00:00
Project,"Ethereum Mexico: Rumbo optimista: hacia Ethereum Mexico,Ethereum Mexico","Season 4 - Mission,Season 4",2023-10-23 00:27:59.000 UTC,2023-10-23 00:27:59.000 UTC,0.0,1.0,0.0,1.0,0.0,Op Podcast NFTs,2023-11-28 12:09:48.117307+00:00
Project,Giveth,"Season 3,Multisig",2023-10-23 00:25:25.000 UTC,2023-10-23 00:25:25.000 UTC,0.0,0.05,0.0,0.05,0.0,Op Podcast NFTs,2023-11-28 12:09:48.117307+00:00
Project,Giveth,"Multisig,Season 3",2023-10-18 12:03:13.000 UTC,2023-10-18 12:03:13.000 UTC,0.0,0.0,25.0,0.0,0.0,Op Podcast NFTs,2023-11-28 12:09:48.117307+00:00
Other,Other,Other,2023-10-27 17:49:43.000 UTC,2023-07-26 01:14:43.000 UTC,9504.0,0.0,0.0,0.0,0.0,Op Podcast NFTs,2023-11-28 12:09:48.117307+00:00
OP Foundation,OP Foundation Sentry Wallet,OP Foundation Grants,2023-10-27 17:38:27.000 UTC,2023-08-09 22:39:35.000 UTC,0.0,0.0,0.0,0.0,9200.0,Op Podcast NFTs,2023-11-28 12:09:48.117307+00:00
Other,Other,Other,2023-11-20 11:39:15.000 UTC,2022-08-29 05:26:26.000 UTC,85562.57558501106,85562.57558501106,0.0,0.0,0.0,OptiChads,2023-11-28 12:09:48.117307+00:00
Project,"Latruite.eth: Create and maintain the ‘Optimism Vision Reservoir’,Latruite.eth","Season 4 - Mission,Season 4",2023-06-02 14:50:37.000 UTC,2022-12-04 20:05:58.000 UTC,0.0,10.5,0.0,10.5,0.0,OptiChads,2023-11-28 12:09:48.117307+00:00
OP Foundation,OP Foundation Sentry Wallet,OP Foundation Grants,2023-04-20 18:33:02.000 UTC,2023-04-20 18:33:02.000 UTC,0.0,0.0,0.0,0.0,8606.59,OptiChads,2023-11-28 12:09:48.117307+00:00
Project,Optiland Quests,Season 3,2023-10-15 12:48:37.000 UTC,2023-06-01 12:36:32.000 UTC,0.0,0.0,19999.9195,0.0,0.0,OptiChads,2023-11-28 12:09:48.117307+00:00
Project,Giveth,"Multisig,Season 3",2023-10-18 12:03:13.000 UTC,2023-10-18 12:03:13.000 UTC,0.0,0.0,25.0,0.0,0.0,OptiChads,2023-11-28 12:09:48.117307+00:00
OP Foundation,OP Foundation Wallet,OP Foundation Grants,2023-02-09 20:11:48.000 UTC,2022-10-28 00:24:58.000 UTC,0.0,0.0,0.0,0.0,50114.33911916357,OptiChads,2023-11-28 12:09:48.117307+00:00
Project,Bored Town,Season 3,2023-07-27 04:23:49.000 UTC,2023-05-15 14:13:11.000 UTC,0.0,0.0,4500.0,0.0,0.0,OptiChads,2023-11-28 12:09:48.117307+00:00
Project,OptiChads,Intermediate,2023-10-15 12:48:37.000 UTC,2023-06-01 12:36:32.000 UTC,0.0,19999.9195,0.0,19999.9195,0.0,Optiland Quests,2023-11-28 12:09:48.117307+00:00
OP Foundation,OP Foundation Sentry Wallet,OP Foundation Grants,2023-08-04 18:10:23.000 UTC,2023-05-24 21:47:45.000 UTC,0.0,0.0,0.0,0.0,20000.0,Optiland Quests,2023-11-28 12:09:48.117307+00:00
Other,Other,Other,2023-05-22 12:01:10.000 UTC,2022-11-17 14:27:47.000 UTC,17499.66,17499.66,0.0,0.0,0.0,Otterspace,2023-11-28 12:09:48.117307+00:00
OP Foundation,OP Foundation Wallet,OP Foundation Grants,2022-11-04 16:06:55.000 UTC,2022-11-04 16:06:55.000 UTC,0.0,0.0,0.0,0.0,49999.99999999999,Otterspace,2023-11-28 12:09:48.117307+00:00
OP Foundation,OP Foundation Sentry Wallet,OP Foundation Grants,2023-05-22 09:05:06.000 UTC,2023-05-22 09:05:06.000 UTC,0.0,0.0,0.0,0.0,10499.66,Otterspace,2023-11-28 12:09:48.117307+00:00
Other,Other,Other,2023-10-09 07:06:21.000 UTC,2022-09-29 00:01:34.000 UTC,862740.7616116347,570842.027201298,0.0,0.0,0.0,Overnight,2023-11-28 12:09:48.117307+00:00
Deployed,Overnight,USD+/USDC: Velodrome,2023-06-20 14:38:55.000 UTC,2023-01-10 19:30:02.000 UTC,0.0,62200.0,0.0,0.0,0.0,Overnight,2023-11-28 12:09:48.117307+00:00
Deployed,Overnight,USD+/DOLA: Velodrome,2023-06-20 14:38:17.000 UTC,2023-01-30 13:51:51.000 UTC,0.0,49000.0,0.0,0.0,0.0,Overnight,2023-11-28 12:09:48.117307+00:00
Project,Beethoven X,Season 1,2023-04-06 15:20:56.000 UTC,2023-01-17 08:52:43.000 UTC,0.0,23500.000000000033,0.0,23500.000000000033,0.0,Overnight,2023-11-28 12:09:48.117307+00:00
Project,DefiEdge,Uniswap Grants,2023-07-17 08:48:55.000 UTC,2023-07-17 08:48:55.000 UTC,0.0,4000.0,0.0,4000.0,0.0,Overnight,2023-11-28 12:09:48.117307+00:00
Deployed,Overnight,BPT-USD+: Beethoven X,2023-01-10 03:55:32.000 UTC,2023-01-10 03:55:32.000 UTC,0.0,2450.0,0.0,0.0,0.0,Overnight,2023-11-28 12:09:48.117307+00:00
OP Foundation,OP Foundation Wallet,OP Foundation Grants,2023-02-09 19:30:53.000 UTC,2023-01-05 20:14:37.000 UTC,0.0,0.0,0.0,0.0,400012.68240923557,Overnight,2023-11-28 12:09:48.117307+00:00
Project,Beethoven X,Season 1,2023-03-03 13:38:51.000 UTC,2023-03-03 13:38:51.000 UTC,0.0,0.0,1300.0,0.0,0.0,Overnight,2023-11-28 12:09:48.117307+00:00
Other,Other,Other,2023-07-24 11:48:53.000 UTC,2023-06-09 13:17:13.000 UTC,11926.288129364875,11926.288129364875,0.0,0.0,0.0,Pairwise - Pairwise: Tinder UX for web3 community signaling,2023-11-28 12:09:48.117307+00:00
"Project,Deployed",Op Podcast NFTs,"Season 4,Distributor",2023-10-23 00:25:05.000 UTC,2023-10-23 00:25:05.000 UTC,0.0,0.0,1.0,0.0,0.0,Pairwise: Tinder UX for web3 community signaling - Pairwise,2023-11-28 12:09:48.117307+00:00
OP Foundation,OP Foundation Sentry Wallet,OP Foundation Grants,2023-06-09 13:09:17.000 UTC,2023-06-09 13:09:17.000 UTC,0.0,0.0,0.0,0.0,7805.179999999999,Pairwise: Tinder UX for web3 community signaling - Pairwise,2023-11-28 12:09:48.117307+00:00
Other,Other,Other,2023-10-26 14:09:41.000 UTC,2023-04-18 14:47:52.000 UTC,153480.5,153480.5,0.0,0.0,0.0,Paraswap,2023-11-28 12:09:48.117307+00:00
OP Foundation,OP Foundation Wallet,OP Foundation Grants,2023-03-08 16:47:28.000 UTC,2023-03-08 16:47:28.000 UTC,0.0,0.0,0.0,0.0,450000.0,Paraswap,2023-11-28 12:09:48.117307+00:00
OP Foundation,OP Foundation Sentry Wallet,OP Foundation Grants,2023-05-15 04:07:12.000 UTC,2023-05-15 04:07:12.000 UTC,0.0,0.0,0.0,0.0,60000.0,Parcel,2023-11-28 12:09:48.117307+00:00
OP Foundation,OP Foundation Wallet,OP Foundation Grants,2023-09-15 18:16:07.000 UTC,2023-09-15 18:16:07.000 UTC,0.0,0.0,0.0,0.0,1190.267702142779,Parcel,2023-11-28 12:09:48.117307+00:00
Other,Other,Other,2023-07-13 19:59:29.000 UTC,2022-06-01 02:17:52.000 UTC,20409.42629283659,20409.42629283659,0.0,0.0,0.0,Paytrie,2023-11-28 12:09:48.117307+00:00
OP Foundation,OP Foundation Sentry Wallet,OP Foundation Grants,2023-05-17 19:09:49.000 UTC,2023-05-17 19:09:49.000 UTC,0.0,0.0,0.0,0.0,20000.0,Paytrie,2023-11-28 12:09:48.117307+00:00
Deployed,Perpetual Protocol,Distributor,2023-11-27 08:29:45.000 UTC,2022-07-18 12:57:38.000 UTC,0.0,6016994.40564846,0.0,0.0,0.0,Perpetual Protocol,2023-11-28 12:09:48.117307+00:00
Other,Other,Other,2023-11-28 11:15:41.000 UTC,2022-05-31 22:14:37.000 UTC,8189864.457380878,2301179.367702145,0.0,0.0,0.0,Perpetual Protocol,2023-11-28 12:09:48.117307+00:00
OP Foundation,OP Foundation Wallet,OP Foundation Grants,2023-02-09 19:16:37.000 UTC,2022-07-08 21:22:57.000 UTC,0.0,0.0,0.0,0.0,9000019.72828754,Perpetual Protocol,2023-11-28 12:09:48.117307+00:00
Project,Velodrome,Intermediate Disperser,2022-07-28 19:08:11.000 UTC,2022-07-28 19:08:11.000 UTC,0.0,0.0,13.884,0.0,0.0,Perpetual Protocol,2023-11-28 12:09:48.117307+00:00
Deployed,Pickle Finance,Distributor,2023-11-24 23:04:13.000 UTC,2022-09-08 08:50:20.000 UTC,0.0,137600.0,0.0,0.0,0.0,Pickle Finance,2023-11-28 12:09:48.117307+00:00
Other,Other,Other,2023-11-27 16:22:59.000 UTC,2022-09-08 16:13:45.000 UTC,129465.54930978829,0.0,0.0,0.0,0.0,Pickle Finance,2023-11-28 12:09:48.117307+00:00
OP Foundation,OP Foundation Wallet,OP Foundation Grants,2022-08-15 05:33:41.000 UTC,2022-08-15 05:33:41.000 UTC,0.0,0.0,0.0,0.0,199999.99999999997,Pickle Finance,2023-11-28 12:09:48.117307+00:00
Deployed,Pika Protocol,Distributor,2023-05-07 14:09:22.000 UTC,2022-09-02 03:00:36.000 UTC,0.0,730610.0,0.0,0.0,0.0,Pika Protocol,2023-11-28 12:09:48.117307+00:00
Other,Other,Other,2023-11-28 07:20:53.000 UTC,2022-09-02 03:02:51.000 UTC,778165.0079895677,66854.0,0.0,0.0,0.0,Pika Protocol,2023-11-28 12:09:48.117307+00:00
OP Foundation,OP Foundation Wallet,OP Foundation Grants,2022-08-26 04:22:04.000 UTC,2022-08-26 04:18:37.000 UTC,0.0,0.0,0.0,0.0,900000.0,Pika Protocol,2023-11-28 12:09:48.117307+00:00
Other,Other,Other,2023-11-18 16:16:31.000 UTC,2022-08-15 07:49:57.000 UTC,457332.5409000939,353496.8192332602,0.0,0.0,0.0,Polynomial Protocol,2023-11-28 12:09:48.117307+00:00
Deployed,Polynomial Protocol,Distributor,2022-11-24 12:23:16.000 UTC,2022-11-09 07:02:00.000 UTC,0.0,180000.0,0.0,0.0,0.0,Polynomial Protocol,2023-11-28 12:09:48.117307+00:00
Project,Lyra Finance,Phase 0,2022-08-15 07:49:57.000 UTC,2022-08-03 06:59:10.000 UTC,0.0,83570.0,0.0,83570.0,0.0,Polynomial Protocol,2023-11-28 12:09:48.117307+00:00
Project,Synthetix,Multisig,2022-08-15 07:49:57.000 UTC,2022-08-15 07:49:57.000 UTC,0.0,11570.0,0.0,11570.0,0.0,Polynomial Protocol,2023-11-28 12:09:48.117307+00:00
Project,Thales,"Season 3,Phase 0,Season 2",2022-08-15 07:49:57.000 UTC,2022-08-15 07:49:57.000 UTC,0.0,11570.0,0.0,11570.0,0.0,Polynomial Protocol,2023-11-28 12:09:48.117307+00:00
Project,LiFi,Intermediate,2022-08-15 07:49:57.000 UTC,2022-08-15 07:49:57.000 UTC,0.0,11570.0,0.0,11570.0,0.0,Polynomial Protocol,2023-11-28 12:09:48.117307+00:00
Project,"Kwenta,Kwenta Referral Program","Phase 0,Season 4",2022-08-15 07:49:57.000 UTC,2022-08-15 07:49:57.000 UTC,0.0,11570.0,0.0,11570.0,0.0,Polynomial Protocol,2023-11-28 12:09:48.117307+00:00
Project,Synthetix,Phase 0,2023-04-29 11:53:41.000 UTC,2023-04-29 11:53:41.000 UTC,0.0,1417.9531459999998,0.0,1417.9531459999998,0.0,Polynomial Protocol,2023-11-28 12:09:48.117307+00:00
Project,Synthetix,Phase 0,2023-04-27 07:22:54.000 UTC,2023-04-27 07:22:54.000 UTC,0.0,0.0,1575.5000000000002,0.0,0.0,Polynomial Protocol,2023-11-28 12:09:48.117307+00:00
OP Foundation,OP Foundation Wallet,OP Foundation Grants,2022-07-19 05:23:53.000 UTC,2022-07-19 05:23:53.000 UTC,0.0,0.0,0.0,0.0,900000.0,Polynomial Protocol,2023-11-28 12:09:48.117307+00:00
Project,Synthetix,Multisig,2023-05-23 22:14:56.000 UTC,2023-05-03 11:40:35.000 UTC,0.0,0.0,13637.52852,0.0,0.0,Polynomial Protocol,2023-11-28 12:09:48.117307+00:00
Project,Lyra Finance,Lyra Grants DAO,2022-11-06 14:02:37.000 UTC,2022-11-06 14:02:37.000 UTC,0.0,0.0,36000.0,0.0,0.0,Polynomial Protocol,2023-11-28 12:09:48.117307+00:00
Deployed,PoolTogether,Distributor,2022-11-28 21:54:22.000 UTC,2022-07-26 17:58:42.000 UTC,0.0,810000.0,0.0,0.0,0.0,PoolTogether,2023-11-28 12:09:48.117307+00:00
